%YAML 1.1
%TAG !u! tag:unity3d.com,2011:
--- !u!1001 &100100000
Prefab:
  m_ObjectHideFlags: 1
  serializedVersion: 2
  m_Modification:
    m_TransformParent: {fileID: 0}
    m_Modifications: []
    m_RemovedComponents: []
  m_ParentPrefab: {fileID: 0}
  m_RootGameObject: {fileID: 1017885547950576}
  m_IsPrefabParent: 1
--- !u!1 &1017885547950576
GameObject:
  m_ObjectHideFlags: 0
  m_PrefabParentObject: {fileID: 0}
  m_PrefabInternal: {fileID: 100100000}
  serializedVersion: 5
  m_Component:
  - component: {fileID: 224885679911592316}
  - component: {fileID: 114817484264093942}
  - component: {fileID: 114936306537618864}
  m_Layer: 0
  m_Name: CallObject
  m_TagString: IfObject
  m_Icon: {fileID: 0}
  m_NavMeshLayer: 0
  m_StaticEditorFlags: 0
  m_IsActive: 1
--- !u!114 &114817484264093942
MonoBehaviour:
  m_ObjectHideFlags: 1
  m_PrefabParentObject: {fileID: 0}
  m_PrefabInternal: {fileID: 100100000}
  m_GameObject: {fileID: 1017885547950576}
  m_Enabled: 1
  m_EditorHideFlags: 0
  m_Script: {fileID: 11500000, guid: 5fd8ae28e09ba7a4abd6fa33db1cdd92, type: 3}
  m_Name: 
  m_EditorClassIdentifier: 
  isRunning: 0
  childEventStrs: []
  eventNest: 0
  isBranch: 1
  AllowDelete: 0
  eventID: 0
  eventName: 
  apSource: []
  evSources: []
  appearConditions:
    instSources: []
    view_c_Insts: []
    playCond: 0
    checkFlag: 0
    flagNo: 0
    isFlagCondTrue: 0
    checkVariable: 0
    valNo: 0
    valLimit: 0
    condition: 0
    checkMen: 0
    menNo: 0
    floor: 0
    posX: 0
    posY: 0
  view_instructions: []
  phese: 0
  req: 0
  befInstIdx: -1
  instIdx: -1
--- !u!114 &114936306537618864
MonoBehaviour:
  m_ObjectHideFlags: 1
  m_PrefabParentObject: {fileID: 0}
  m_PrefabInternal: {fileID: 100100000}
  m_GameObject: {fileID: 1017885547950576}
  m_Enabled: 1
  m_EditorHideFlags: 0
  m_Script: {fileID: 11500000, guid: 5e071d62c34db2240b5373b80c0596d1, type: 3}
  m_Name: 
  m_EditorClassIdentifier: 
  comname: 7
  isDoing: 0
--- !u!224 &224885679911592316
RectTransform:
  m_ObjectHideFlags: 1
  m_PrefabParentObject: {fileID: 0}
  m_PrefabInternal: {fileID: 100100000}
  m_GameObject: {fileID: 1017885547950576}
  m_LocalRotation: {x: 0, y: 0, z: 0, w: 1}
  m_LocalPosition: {x: 0, y: 0, z: 0}
  m_LocalScale: {x: 1, y: 1, z: 1}
  m_Children: []
  m_Father: {fileID: 0}
  m_RootOrder: 0
  m_LocalEulerAnglesHint: {x: 0, y: 0, z: 0}
  m_AnchorMin: {x: 0.5693959, y: 0.25814816}
  m_AnchorMax: {x: 0.8642291, y: 0.5}
  m_AnchoredPosition: {x: 0, y: 0}
  m_SizeDelta: {x: 0, y: 0}
  m_Pivot: {x: 0.5, y: 0.5}
