%YAML 1.1
%TAG !u! tag:unity3d.com,2011:
--- !u!1001 &100100000
Prefab:
  m_ObjectHideFlags: 1
  serializedVersion: 2
  m_Modification:
    m_TransformParent: {fileID: 0}
    m_Modifications: []
    m_RemovedComponents: []
  m_ParentPrefab: {fileID: 0}
  m_RootGameObject: {fileID: 1303746110126418}
  m_IsPrefabParent: 1
--- !u!1 &1003795431887914
GameObject:
  m_ObjectHideFlags: 1
  m_PrefabParentObject: {fileID: 0}
  m_PrefabInternal: {fileID: 100100000}
  serializedVersion: 5
  m_Component:
  - component: {fileID: 4658399681206020}
  - component: {fileID: 114764726697418712}
  - component: {fileID: 137655461432395286}
  m_Layer: 0
  m_Name: right_arm
  m_TagString: Untagged
  m_Icon: {fileID: 0}
  m_NavMeshLayer: 0
  m_StaticEditorFlags: 0
  m_IsActive: 1
--- !u!1 &1008219346387356
GameObject:
  m_ObjectHideFlags: 1
  m_PrefabParentObject: {fileID: 0}
  m_PrefabInternal: {fileID: 100100000}
  serializedVersion: 5
  m_Component:
  - component: {fileID: 4995639526263684}
  - component: {fileID: 114328138638226498}
  m_Layer: 0
  m_Name: right_hand
  m_TagString: Untagged
  m_Icon: {fileID: 0}
  m_NavMeshLayer: 0
  m_StaticEditorFlags: 0
  m_IsActive: 1
--- !u!1 &1010936596265210
GameObject:
  m_ObjectHideFlags: 1
  m_PrefabParentObject: {fileID: 0}
  m_PrefabInternal: {fileID: 100100000}
  serializedVersion: 5
  m_Component:
  - component: {fileID: 4065192346549552}
  - component: {fileID: 114018947522166036}
  m_Layer: 0
  m_Name: tail_1
  m_TagString: Untagged
  m_Icon: {fileID: 0}
  m_NavMeshLayer: 0
  m_StaticEditorFlags: 0
  m_IsActive: 1
--- !u!1 &1016628601609506
GameObject:
  m_ObjectHideFlags: 1
  m_PrefabParentObject: {fileID: 0}
  m_PrefabInternal: {fileID: 100100000}
  serializedVersion: 5
  m_Component:
  - component: {fileID: 4697659599103594}
  - component: {fileID: 114137617911998722}
  m_Layer: 0
  m_Name: foots
  m_TagString: Untagged
  m_Icon: {fileID: 0}
  m_NavMeshLayer: 0
  m_StaticEditorFlags: 0
  m_IsActive: 1
--- !u!1 &1031738839814454
GameObject:
  m_ObjectHideFlags: 1
  m_PrefabParentObject: {fileID: 0}
  m_PrefabInternal: {fileID: 100100000}
  serializedVersion: 5
  m_Component:
  - component: {fileID: 4069716053072942}
  - component: {fileID: 114324140676428712}
  - component: {fileID: 137801241528954246}
  m_Layer: 0
  m_Name: left_feather
  m_TagString: Untagged
  m_Icon: {fileID: 0}
  m_NavMeshLayer: 0
  m_StaticEditorFlags: 0
  m_IsActive: 1
--- !u!1 &1076857868576568
GameObject:
  m_ObjectHideFlags: 1
  m_PrefabParentObject: {fileID: 0}
  m_PrefabInternal: {fileID: 100100000}
  serializedVersion: 5
  m_Component:
  - component: {fileID: 4660024941936410}
  - component: {fileID: 114742721257157914}
  - component: {fileID: 137369695822544566}
  m_Layer: 0
  m_Name: right_feather
  m_TagString: Untagged
  m_Icon: {fileID: 0}
  m_NavMeshLayer: 0
  m_StaticEditorFlags: 0
  m_IsActive: 1
--- !u!1 &1085073644690080
GameObject:
  m_ObjectHideFlags: 1
  m_PrefabParentObject: {fileID: 0}
  m_PrefabInternal: {fileID: 100100000}
  serializedVersion: 5
  m_Component:
  - component: {fileID: 4921913088197576}
  - component: {fileID: 114729550626038438}
  m_Layer: 0
  m_Name: right_foot
  m_TagString: Untagged
  m_Icon: {fileID: 0}
  m_NavMeshLayer: 0
  m_StaticEditorFlags: 0
  m_IsActive: 1
--- !u!1 &1103315759227972
GameObject:
  m_ObjectHideFlags: 1
  m_PrefabParentObject: {fileID: 0}
  m_PrefabInternal: {fileID: 100100000}
  serializedVersion: 5
  m_Component:
  - component: {fileID: 4586961276777856}
  - component: {fileID: 114787895501756892}
  m_Layer: 0
  m_Name: left_feather_4
  m_TagString: Untagged
  m_Icon: {fileID: 0}
  m_NavMeshLayer: 0
  m_StaticEditorFlags: 0
  m_IsActive: 1
--- !u!1 &1109062289683458
GameObject:
  m_ObjectHideFlags: 1
  m_PrefabParentObject: {fileID: 0}
  m_PrefabInternal: {fileID: 100100000}
  serializedVersion: 5
  m_Component:
  - component: {fileID: 4463867025417412}
  - component: {fileID: 114815839448136438}
  m_Layer: 0
  m_Name: head
  m_TagString: Untagged
  m_Icon: {fileID: 0}
  m_NavMeshLayer: 0
  m_StaticEditorFlags: 0
  m_IsActive: 1
--- !u!1 &1114987289430732
GameObject:
  m_ObjectHideFlags: 1
  m_PrefabParentObject: {fileID: 0}
  m_PrefabInternal: {fileID: 100100000}
  serializedVersion: 5
  m_Component:
  - component: {fileID: 4507980778304074}
  - component: {fileID: 114236860931351892}
  - component: {fileID: 137170508740609958}
  m_Layer: 0
  m_Name: left_eye
  m_TagString: Untagged
  m_Icon: {fileID: 0}
  m_NavMeshLayer: 0
  m_StaticEditorFlags: 0
  m_IsActive: 1
--- !u!1 &1147918240658818
GameObject:
  m_ObjectHideFlags: 1
  m_PrefabParentObject: {fileID: 0}
  m_PrefabInternal: {fileID: 100100000}
  serializedVersion: 5
  m_Component:
  - component: {fileID: 4829544513944012}
  - component: {fileID: 114773805168074782}
  m_Layer: 0
  m_Name: left_feather_3
  m_TagString: Untagged
  m_Icon: {fileID: 0}
  m_NavMeshLayer: 0
  m_StaticEditorFlags: 0
  m_IsActive: 1
--- !u!1 &1150128044476156
GameObject:
  m_ObjectHideFlags: 1
  m_PrefabParentObject: {fileID: 0}
  m_PrefabInternal: {fileID: 100100000}
  serializedVersion: 5
  m_Component:
  - component: {fileID: 4738832374168006}
  - component: {fileID: 114149461122688786}
  - component: {fileID: 137128747712183052}
  m_Layer: 0
  m_Name: body
  m_TagString: Untagged
  m_Icon: {fileID: 0}
  m_NavMeshLayer: 0
  m_StaticEditorFlags: 0
  m_IsActive: 1
--- !u!1 &1171337701438616
GameObject:
  m_ObjectHideFlags: 1
  m_PrefabParentObject: {fileID: 0}
  m_PrefabInternal: {fileID: 100100000}
  serializedVersion: 5
  m_Component:
  - component: {fileID: 4314595873693656}
  - component: {fileID: 114492898750153338}
  m_Layer: 0
  m_Name: left_foot
  m_TagString: Untagged
  m_Icon: {fileID: 0}
  m_NavMeshLayer: 0
  m_StaticEditorFlags: 0
  m_IsActive: 1
--- !u!1 &1175225732142590
GameObject:
  m_ObjectHideFlags: 1
  m_PrefabParentObject: {fileID: 0}
  m_PrefabInternal: {fileID: 100100000}
  serializedVersion: 5
  m_Component:
  - component: {fileID: 4533791244941798}
  - component: {fileID: 114258434125094232}
  m_Layer: 0
  m_Name: left_hand
  m_TagString: Untagged
  m_Icon: {fileID: 0}
  m_NavMeshLayer: 0
  m_StaticEditorFlags: 0
  m_IsActive: 1
--- !u!1 &1197258666020114
GameObject:
  m_ObjectHideFlags: 1
  m_PrefabParentObject: {fileID: 0}
  m_PrefabInternal: {fileID: 100100000}
  serializedVersion: 5
  m_Component:
  - component: {fileID: 4901160216117424}
  - component: {fileID: 114073444590135876}
  - component: {fileID: 137236368989860408}
  m_Layer: 0
  m_Name: tail_2
  m_TagString: Untagged
  m_Icon: {fileID: 0}
  m_NavMeshLayer: 0
  m_StaticEditorFlags: 0
  m_IsActive: 1
--- !u!1 &1280788417709022
GameObject:
  m_ObjectHideFlags: 1
  m_PrefabParentObject: {fileID: 0}
  m_PrefabInternal: {fileID: 100100000}
  serializedVersion: 5
  m_Component:
  - component: {fileID: 4804904255626174}
  - component: {fileID: 114934907648324328}
  m_Layer: 0
  m_Name: right_eye
  m_TagString: Untagged
  m_Icon: {fileID: 0}
  m_NavMeshLayer: 0
  m_StaticEditorFlags: 0
  m_IsActive: 1
--- !u!1 &1303746110126418
GameObject:
  m_ObjectHideFlags: 0
  m_PrefabParentObject: {fileID: 0}
  m_PrefabInternal: {fileID: 100100000}
  serializedVersion: 5
  m_Component:
  - component: {fileID: 4318772944655316}
  - component: {fileID: 95625549768804990}
  - component: {fileID: 114440376563079736}
  - component: {fileID: 114632479829238014}
  m_Layer: 0
  m_Name: Dragon
  m_TagString: Untagged
  m_Icon: {fileID: 0}
  m_NavMeshLayer: 0
  m_StaticEditorFlags: 0
  m_IsActive: 1
--- !u!1 &1303885508855498
GameObject:
  m_ObjectHideFlags: 1
  m_PrefabParentObject: {fileID: 0}
  m_PrefabInternal: {fileID: 100100000}
  serializedVersion: 5
  m_Component:
  - component: {fileID: 4738665018114842}
  - component: {fileID: 114985796228349322}
  m_Layer: 0
  m_Name: mouse
  m_TagString: Untagged
  m_Icon: {fileID: 0}
  m_NavMeshLayer: 0
  m_StaticEditorFlags: 0
  m_IsActive: 1
--- !u!1 &1317190395524562
GameObject:
  m_ObjectHideFlags: 1
  m_PrefabParentObject: {fileID: 0}
  m_PrefabInternal: {fileID: 100100000}
  serializedVersion: 5
  m_Component:
  - component: {fileID: 4701493826541188}
  - component: {fileID: 114896791589821024}
  - component: {fileID: 137190934714331000}
  m_Layer: 0
  m_Name: left_foot
  m_TagString: Untagged
  m_Icon: {fileID: 0}
  m_NavMeshLayer: 0
  m_StaticEditorFlags: 0
  m_IsActive: 1
--- !u!1 &1375696918082630
GameObject:
  m_ObjectHideFlags: 1
  m_PrefabParentObject: {fileID: 0}
  m_PrefabInternal: {fileID: 100100000}
  serializedVersion: 5
  m_Component:
  - component: {fileID: 4980675527928884}
  - component: {fileID: 114470804179284186}
  - component: {fileID: 137076016080194102}
  m_Layer: 0
  m_Name: left_arm
  m_TagString: Untagged
  m_Icon: {fileID: 0}
  m_NavMeshLayer: 0
  m_StaticEditorFlags: 0
  m_IsActive: 1
--- !u!1 &1388948186624594
GameObject:
  m_ObjectHideFlags: 1
  m_PrefabParentObject: {fileID: 0}
  m_PrefabInternal: {fileID: 100100000}
  serializedVersion: 5
  m_Component:
  - component: {fileID: 4637195616304968}
  - component: {fileID: 114479695022934704}
  - component: {fileID: 137068487708628194}
  m_Layer: 0
  m_Name: head
  m_TagString: Untagged
  m_Icon: {fileID: 0}
  m_NavMeshLayer: 0
  m_StaticEditorFlags: 0
  m_IsActive: 1
--- !u!1 &1399743595098314
GameObject:
  m_ObjectHideFlags: 1
  m_PrefabParentObject: {fileID: 0}
  m_PrefabInternal: {fileID: 100100000}
  serializedVersion: 5
  m_Component:
  - component: {fileID: 4588419834448580}
  - component: {fileID: 114404894266467592}
  - component: {fileID: 137524229023774598}
  m_Layer: 0
  m_Name: right_eye
  m_TagString: Untagged
  m_Icon: {fileID: 0}
  m_NavMeshLayer: 0
  m_StaticEditorFlags: 0
  m_IsActive: 1
--- !u!1 &1401306706351414
GameObject:
  m_ObjectHideFlags: 0
  m_PrefabParentObject: {fileID: 0}
  m_PrefabInternal: {fileID: 100100000}
  serializedVersion: 5
  m_Component:
  - component: {fileID: 4629963619900000}
  m_Layer: 0
  m_Name: Graphics
  m_TagString: Untagged
  m_Icon: {fileID: 0}
  m_NavMeshLayer: 0
  m_StaticEditorFlags: 0
  m_IsActive: 1
--- !u!1 &1466335388106450
GameObject:
  m_ObjectHideFlags: 1
  m_PrefabParentObject: {fileID: 0}
  m_PrefabInternal: {fileID: 100100000}
  serializedVersion: 5
  m_Component:
  - component: {fileID: 4030065217462550}
  - component: {fileID: 114463440492089234}
  m_Layer: 0
  m_Name: left_eye
  m_TagString: Untagged
  m_Icon: {fileID: 0}
  m_NavMeshLayer: 0
  m_StaticEditorFlags: 0
  m_IsActive: 1
--- !u!1 &1467550609228172
GameObject:
  m_ObjectHideFlags: 1
  m_PrefabParentObject: {fileID: 0}
  m_PrefabInternal: {fileID: 100100000}
  serializedVersion: 5
  m_Component:
  - component: {fileID: 4829323040178972}
  - component: {fileID: 114696667403914718}
  - component: {fileID: 137072816752939850}
  m_Layer: 0
  m_Name: left_eye_ball
  m_TagString: Untagged
  m_Icon: {fileID: 0}
  m_NavMeshLayer: 0
  m_StaticEditorFlags: 0
  m_IsActive: 1
--- !u!1 &1470365284506292
GameObject:
  m_ObjectHideFlags: 1
  m_PrefabParentObject: {fileID: 0}
  m_PrefabInternal: {fileID: 100100000}
  serializedVersion: 5
  m_Component:
  - component: {fileID: 4988028587958564}
  - component: {fileID: 114055204028523996}
  m_Layer: 0
  m_Name: right_arm
  m_TagString: Untagged
  m_Icon: {fileID: 0}
  m_NavMeshLayer: 0
  m_StaticEditorFlags: 0
  m_IsActive: 1
--- !u!1 &1505903694048394
GameObject:
  m_ObjectHideFlags: 1
  m_PrefabParentObject: {fileID: 0}
  m_PrefabInternal: {fileID: 100100000}
  serializedVersion: 5
  m_Component:
  - component: {fileID: 4833686610747726}
  - component: {fileID: 114709676518189486}
  m_Layer: 0
  m_Name: arms
  m_TagString: Untagged
  m_Icon: {fileID: 0}
  m_NavMeshLayer: 0
  m_StaticEditorFlags: 0
  m_IsActive: 1
--- !u!1 &1525891459816070
GameObject:
  m_ObjectHideFlags: 1
  m_PrefabParentObject: {fileID: 0}
  m_PrefabInternal: {fileID: 100100000}
  serializedVersion: 5
  m_Component:
  - component: {fileID: 4620702714638654}
  - component: {fileID: 114931246591963058}
  m_Layer: 0
  m_Name: left_feather_2
  m_TagString: Untagged
  m_Icon: {fileID: 0}
  m_NavMeshLayer: 0
  m_StaticEditorFlags: 0
  m_IsActive: 1
--- !u!1 &1542159051720146
GameObject:
  m_ObjectHideFlags: 1
  m_PrefabParentObject: {fileID: 0}
  m_PrefabInternal: {fileID: 100100000}
  serializedVersion: 5
  m_Component:
  - component: {fileID: 4082942787484310}
  - component: {fileID: 114728571022843280}
  - component: {fileID: 137183793370468368}
  m_Layer: 0
  m_Name: mouse
  m_TagString: Untagged
  m_Icon: {fileID: 0}
  m_NavMeshLayer: 0
  m_StaticEditorFlags: 0
  m_IsActive: 1
--- !u!1 &1547106070336874
GameObject:
  m_ObjectHideFlags: 1
  m_PrefabParentObject: {fileID: 0}
  m_PrefabInternal: {fileID: 100100000}
  serializedVersion: 5
  m_Component:
  - component: {fileID: 4305778325064442}
  - component: {fileID: 114280669396469690}
  - component: {fileID: 137714914988086228}
  m_Layer: 0
  m_Name: right_foot
  m_TagString: Untagged
  m_Icon: {fileID: 0}
  m_NavMeshLayer: 0
  m_StaticEditorFlags: 0
  m_IsActive: 1
--- !u!1 &1548068668670704
GameObject:
  m_ObjectHideFlags: 1
  m_PrefabParentObject: {fileID: 0}
  m_PrefabInternal: {fileID: 100100000}
  serializedVersion: 5
  m_Component:
  - component: {fileID: 4068848073219646}
  - component: {fileID: 114961648306526016}
  m_Layer: 0
  m_Name: left_feather_2
  m_TagString: Untagged
  m_Icon: {fileID: 0}
  m_NavMeshLayer: 0
  m_StaticEditorFlags: 0
  m_IsActive: 1
--- !u!1 &1553845636423674
GameObject:
  m_ObjectHideFlags: 1
  m_PrefabParentObject: {fileID: 0}
  m_PrefabInternal: {fileID: 100100000}
  serializedVersion: 5
  m_Component:
  - component: {fileID: 4947329049369934}
  - component: {fileID: 114911829242457796}
  m_Layer: 0
  m_Name: left_feather_1
  m_TagString: Untagged
  m_Icon: {fileID: 0}
  m_NavMeshLayer: 0
  m_StaticEditorFlags: 0
  m_IsActive: 1
--- !u!1 &1602983032631714
GameObject:
  m_ObjectHideFlags: 1
  m_PrefabParentObject: {fileID: 0}
  m_PrefabInternal: {fileID: 100100000}
  serializedVersion: 5
  m_Component:
  - component: {fileID: 4271590426749874}
  - component: {fileID: 114036006542860708}
  - component: {fileID: 137482410084188984}
  m_Layer: 0
  m_Name: right_eye_ball
  m_TagString: Untagged
  m_Icon: {fileID: 0}
  m_NavMeshLayer: 0
  m_StaticEditorFlags: 0
  m_IsActive: 1
--- !u!1 &1663886922232000
GameObject:
  m_ObjectHideFlags: 0
  m_PrefabParentObject: {fileID: 0}
  m_PrefabInternal: {fileID: 100100000}
  serializedVersion: 5
  m_Component:
  - component: {fileID: 4214588515825356}
  m_Layer: 0
  m_Name: Bones
  m_TagString: Untagged
  m_Icon: {fileID: 0}
  m_NavMeshLayer: 0
  m_StaticEditorFlags: 0
  m_IsActive: 1
--- !u!1 &1665251911230654
GameObject:
  m_ObjectHideFlags: 1
  m_PrefabParentObject: {fileID: 0}
  m_PrefabInternal: {fileID: 100100000}
  serializedVersion: 5
  m_Component:
  - component: {fileID: 4988465298293820}
  - component: {fileID: 114338203921866570}
  m_Layer: 0
  m_Name: left_arm
  m_TagString: Untagged
  m_Icon: {fileID: 0}
  m_NavMeshLayer: 0
  m_StaticEditorFlags: 0
  m_IsActive: 1
--- !u!1 &1695693363314054
GameObject:
  m_ObjectHideFlags: 1
  m_PrefabParentObject: {fileID: 0}
  m_PrefabInternal: {fileID: 100100000}
  serializedVersion: 5
  m_Component:
  - component: {fileID: 4643171298155938}
  - component: {fileID: 114650986891862130}
  m_Layer: 0
  m_Name: beard
  m_TagString: Untagged
  m_Icon: {fileID: 0}
  m_NavMeshLayer: 0
  m_StaticEditorFlags: 0
  m_IsActive: 1
--- !u!1 &1729146885685306
GameObject:
  m_ObjectHideFlags: 1
  m_PrefabParentObject: {fileID: 0}
  m_PrefabInternal: {fileID: 100100000}
  serializedVersion: 5
  m_Component:
  - component: {fileID: 4991443056676350}
  - component: {fileID: 114803154378148846}
  - component: {fileID: 137899729458941764}
  m_Layer: 0
  m_Name: tail_1
  m_TagString: Untagged
  m_Icon: {fileID: 0}
  m_NavMeshLayer: 0
  m_StaticEditorFlags: 0
  m_IsActive: 1
--- !u!1 &1787172684013400
GameObject:
  m_ObjectHideFlags: 1
  m_PrefabParentObject: {fileID: 0}
  m_PrefabInternal: {fileID: 100100000}
  serializedVersion: 5
  m_Component:
  - component: {fileID: 4135433546728066}
  - component: {fileID: 114555362821366556}
  m_Layer: 0
  m_Name: right_feather_1
  m_TagString: Untagged
  m_Icon: {fileID: 0}
  m_NavMeshLayer: 0
  m_StaticEditorFlags: 0
  m_IsActive: 1
--- !u!1 &1846738287863342
GameObject:
  m_ObjectHideFlags: 1
  m_PrefabParentObject: {fileID: 0}
  m_PrefabInternal: {fileID: 100100000}
  serializedVersion: 5
  m_Component:
  - component: {fileID: 4644130706402076}
  - component: {fileID: 114157215475406526}
  m_Layer: 0
  m_Name: left_feather_3
  m_TagString: Untagged
  m_Icon: {fileID: 0}
  m_NavMeshLayer: 0
  m_StaticEditorFlags: 0
  m_IsActive: 1
--- !u!1 &1849621484898134
GameObject:
  m_ObjectHideFlags: 1
  m_PrefabParentObject: {fileID: 0}
  m_PrefabInternal: {fileID: 100100000}
  serializedVersion: 5
  m_Component:
  - component: {fileID: 4815301819383438}
  - component: {fileID: 114697041790720832}
  m_Layer: 0
  m_Name: body
  m_TagString: Untagged
  m_Icon: {fileID: 0}
  m_NavMeshLayer: 0
  m_StaticEditorFlags: 0
  m_IsActive: 1
--- !u!1 &1883459060847000
GameObject:
  m_ObjectHideFlags: 1
  m_PrefabParentObject: {fileID: 0}
  m_PrefabInternal: {fileID: 100100000}
  serializedVersion: 5
  m_Component:
  - component: {fileID: 4647450804767056}
  - component: {fileID: 114399731676970406}
  m_Layer: 0
  m_Name: left_feather_4
  m_TagString: Untagged
  m_Icon: {fileID: 0}
  m_NavMeshLayer: 0
  m_StaticEditorFlags: 0
  m_IsActive: 1
--- !u!1 &1956481608038186
GameObject:
  m_ObjectHideFlags: 1
  m_PrefabParentObject: {fileID: 0}
  m_PrefabInternal: {fileID: 100100000}
  serializedVersion: 5
  m_Component:
  - component: {fileID: 4977915133718754}
  - component: {fileID: 114452711059450540}
  - component: {fileID: 137015350432788474}
  m_Layer: 0
  m_Name: beard
  m_TagString: Untagged
  m_Icon: {fileID: 0}
  m_NavMeshLayer: 0
  m_StaticEditorFlags: 0
  m_IsActive: 1
--- !u!1 &1997155834975824
GameObject:
  m_ObjectHideFlags: 1
  m_PrefabParentObject: {fileID: 0}
  m_PrefabInternal: {fileID: 100100000}
  serializedVersion: 5
  m_Component:
  - component: {fileID: 4542908109282746}
  - component: {fileID: 114259634730869774}
  m_Layer: 0
  m_Name: feathers
  m_TagString: Untagged
  m_Icon: {fileID: 0}
  m_NavMeshLayer: 0
  m_StaticEditorFlags: 0
  m_IsActive: 1
--- !u!4 &4030065217462550
Transform:
  m_ObjectHideFlags: 1
  m_PrefabParentObject: {fileID: 0}
  m_PrefabInternal: {fileID: 100100000}
  m_GameObject: {fileID: 1466335388106450}
  m_LocalRotation: {x: -0, y: -0, z: -0.000000008330971, w: 1}
  m_LocalPosition: {x: 0.7281144, y: -0.41364327, z: 0}
  m_LocalScale: {x: 1, y: 1, z: 1}
  m_Children: []
  m_Father: {fileID: 4463867025417412}
  m_RootOrder: 2
  m_LocalEulerAnglesHint: {x: 0, y: 0, z: 0}
--- !u!4 &4065192346549552
Transform:
  m_ObjectHideFlags: 1
  m_PrefabParentObject: {fileID: 0}
  m_PrefabInternal: {fileID: 100100000}
  m_GameObject: {fileID: 1010936596265210}
  m_LocalRotation: {x: 0, y: 0, z: 0.99874306, w: -0.05012353}
  m_LocalPosition: {x: 4.86074, y: -1.9156342, z: 0}
  m_LocalScale: {x: 1, y: 1, z: 1}
  m_Children: []
  m_Father: {fileID: 4697659599103594}
  m_RootOrder: 2
  m_LocalEulerAnglesHint: {x: 0, y: 0, z: 185.74599}
--- !u!4 &4068848073219646
Transform:
  m_ObjectHideFlags: 1
  m_PrefabParentObject: {fileID: 0}
  m_PrefabInternal: {fileID: 100100000}
  m_GameObject: {fileID: 1548068668670704}
  m_LocalRotation: {x: 0, y: 0, z: -0.70611393, w: 0.70809823}
  m_LocalPosition: {x: 2.7157156, y: -0.000000059604645, z: 0}
  m_LocalScale: {x: 1, y: 1, z: 1}
  m_Children:
  - {fileID: 4829544513944012}
  m_Father: {fileID: 4947329049369934}
  m_RootOrder: 0
  m_LocalEulerAnglesHint: {x: 0, y: 0, z: -89.839005}
--- !u!4 &4069716053072942
Transform:
  m_ObjectHideFlags: 1
  m_PrefabParentObject: {fileID: 0}
  m_PrefabInternal: {fileID: 100100000}
  m_GameObject: {fileID: 1031738839814454}
  m_LocalRotation: {x: 0, y: 0, z: -0.37055743, w: 0.92880964}
  m_LocalPosition: {x: 3.42, y: 2.16, z: 0}
  m_LocalScale: {x: 1, y: 1, z: 1}
  m_Children: []
  m_Father: {fileID: 4629963619900000}
  m_RootOrder: 15
  m_LocalEulerAnglesHint: {x: 0, y: 0, z: -43.5}
--- !u!4 &4082942787484310
Transform:
  m_ObjectHideFlags: 1
  m_PrefabParentObject: {fileID: 0}
  m_PrefabInternal: {fileID: 100100000}
  m_GameObject: {fileID: 1542159051720146}
  m_LocalRotation: {x: -0, y: -0, z: -0, w: 1}
  m_LocalPosition: {x: 0, y: 5, z: 0}
  m_LocalScale: {x: 1, y: 1, z: 1}
  m_Children: []
  m_Father: {fileID: 4629963619900000}
  m_RootOrder: 9
  m_LocalEulerAnglesHint: {x: 0, y: 0, z: 0}
--- !u!4 &4135433546728066
Transform:
  m_ObjectHideFlags: 1
  m_PrefabParentObject: {fileID: 0}
  m_PrefabInternal: {fileID: 100100000}
  m_GameObject: {fileID: 1787172684013400}
  m_LocalRotation: {x: 0, y: 0, z: 0.9052205, w: 0.42494226}
  m_LocalPosition: {x: -1.028769, y: -0.2297138, z: 0}
  m_LocalScale: {x: 1.0000002, y: 1.0000002, z: 1}
  m_Children:
  - {fileID: 4620702714638654}
  m_Father: {fileID: 4542908109282746}
  m_RootOrder: 1
  m_LocalEulerAnglesHint: {x: 0, y: 0, z: 129.706}
--- !u!4 &4214588515825356
Transform:
  m_ObjectHideFlags: 1
  m_PrefabParentObject: {fileID: 0}
  m_PrefabInternal: {fileID: 100100000}
  m_GameObject: {fileID: 1663886922232000}
  m_LocalRotation: {x: -0, y: -0, z: -0, w: 1}
  m_LocalPosition: {x: 0, y: 0, z: 0}
  m_LocalScale: {x: 1, y: 1, z: 1}
  m_Children:
  - {fileID: 4697659599103594}
  - {fileID: 4815301819383438}
  m_Father: {fileID: 4318772944655316}
  m_RootOrder: 1
  m_LocalEulerAnglesHint: {x: 0, y: 0, z: 0}
--- !u!4 &4271590426749874
Transform:
  m_ObjectHideFlags: 1
  m_PrefabParentObject: {fileID: 0}
  m_PrefabInternal: {fileID: 100100000}
  m_GameObject: {fileID: 1602983032631714}
  m_LocalRotation: {x: -0, y: -0, z: -0, w: 1}
  m_LocalPosition: {x: -0.388, y: 5.669, z: 0}
  m_LocalScale: {x: 1, y: 1, z: 1}
  m_Children: []
  m_Father: {fileID: 4629963619900000}
  m_RootOrder: 6
  m_LocalEulerAnglesHint: {x: 0, y: 0, z: 0}
--- !u!4 &4305778325064442
Transform:
  m_ObjectHideFlags: 1
  m_PrefabParentObject: {fileID: 0}
  m_PrefabInternal: {fileID: 100100000}
  m_GameObject: {fileID: 1547106070336874}
  m_LocalRotation: {x: -0, y: -0, z: -0, w: 1}
  m_LocalPosition: {x: -2.7, y: -2.79, z: 0}
  m_LocalScale: {x: 1, y: 1, z: 1}
  m_Children: []
  m_Father: {fileID: 4629963619900000}
  m_RootOrder: 2
  m_LocalEulerAnglesHint: {x: 0, y: 0, z: 0}
--- !u!4 &4314595873693656
Transform:
  m_ObjectHideFlags: 1
  m_PrefabParentObject: {fileID: 0}
  m_PrefabInternal: {fileID: 100100000}
  m_GameObject: {fileID: 1171337701438616}
  m_LocalRotation: {x: 0, y: 0, z: -0.69967735, w: 0.71445906}
  m_LocalPosition: {x: 2.2070713, y: -0.34158015, z: 0}
  m_LocalScale: {x: 1, y: 1, z: 1}
  m_Children: []
  m_Father: {fileID: 4697659599103594}
  m_RootOrder: 0
  m_LocalEulerAnglesHint: {x: 0, y: 0, z: -88.802}
--- !u!4 &4318772944655316
Transform:
  m_ObjectHideFlags: 1
  m_PrefabParentObject: {fileID: 0}
  m_PrefabInternal: {fileID: 100100000}
  m_GameObject: {fileID: 1303746110126418}
  m_LocalRotation: {x: 0, y: 0, z: 0, w: 1}
  m_LocalPosition: {x: 0, y: 0, z: 0}
  m_LocalScale: {x: 1, y: 1, z: 1}
  m_Children:
  - {fileID: 4629963619900000}
  - {fileID: 4214588515825356}
  m_Father: {fileID: 0}
  m_RootOrder: 0
  m_LocalEulerAnglesHint: {x: 0, y: 0, z: 0}
--- !u!4 &4463867025417412
Transform:
  m_ObjectHideFlags: 1
  m_PrefabParentObject: {fileID: 0}
  m_PrefabInternal: {fileID: 100100000}
  m_GameObject: {fileID: 1109062289683458}
  m_LocalRotation: {x: 0, y: 0, z: 0.0041464744, w: 0.9999914}
  m_LocalPosition: {x: 8.809611, y: -0.0000009536743, z: 0}
  m_LocalScale: {x: 1, y: 1, z: 1}
  m_Children:
  - {fileID: 4643171298155938}
  - {fileID: 4804904255626174}
  - {fileID: 4030065217462550}
  - {fileID: 4738665018114842}
  m_Father: {fileID: 4815301819383438}
  m_RootOrder: 0
  m_LocalEulerAnglesHint: {x: 0, y: 0, z: 0}
--- !u!4 &4507980778304074
Transform:
  m_ObjectHideFlags: 1
  m_PrefabParentObject: {fileID: 0}
  m_PrefabInternal: {fileID: 100100000}
  m_GameObject: {fileID: 1114987289430732}
  m_LocalRotation: {x: -0, y: -0, z: -0, w: 1}
  m_LocalPosition: {x: 0.46, y: 5.75, z: 0}
  m_LocalScale: {x: 1, y: 1, z: 1}
  m_Children: []
  m_Father: {fileID: 4629963619900000}
  m_RootOrder: 8
  m_LocalEulerAnglesHint: {x: 0, y: 0, z: 0}
--- !u!4 &4533791244941798
Transform:
  m_ObjectHideFlags: 1
  m_PrefabParentObject: {fileID: 0}
  m_PrefabInternal: {fileID: 100100000}
  m_GameObject: {fileID: 1175225732142590}
  m_LocalRotation: {x: 0, y: 0, z: -0.32059765, w: 0.9472155}
  m_LocalPosition: {x: 0.99583036, y: -0.0000004110625, z: 0}
  m_LocalScale: {x: 1, y: 1, z: 1}
  m_Children: []
  m_Father: {fileID: 4988465298293820}
  m_RootOrder: 0
  m_LocalEulerAnglesHint: {x: 0, y: 0, z: -37.398003}
--- !u!4 &4542908109282746
Transform:
  m_ObjectHideFlags: 1
  m_PrefabParentObject: {fileID: 0}
  m_PrefabInternal: {fileID: 100100000}
  m_GameObject: {fileID: 1997155834975824}
  m_LocalRotation: {x: 0, y: 0, z: -0.7071068, w: 0.7071068}
  m_LocalPosition: {x: 6.1921573, y: 0, z: 0}
  m_LocalScale: {x: 1, y: 1, z: 1}
  m_Children:
  - {fileID: 4947329049369934}
  - {fileID: 4135433546728066}
  m_Father: {fileID: 4815301819383438}
  m_RootOrder: 2
  m_LocalEulerAnglesHint: {x: 0, y: 0, z: -90}
--- !u!4 &4586961276777856
Transform:
  m_ObjectHideFlags: 1
  m_PrefabParentObject: {fileID: 0}
  m_PrefabInternal: {fileID: 100100000}
  m_GameObject: {fileID: 1103315759227972}
  m_LocalRotation: {x: 0, y: 0, z: -0.13209079, w: 0.9912377}
  m_LocalPosition: {x: 3.1685128, y: 0.00000011920929, z: 0}
  m_LocalScale: {x: 1, y: 1, z: 1}
  m_Children: []
  m_Father: {fileID: 4829544513944012}
  m_RootOrder: 0
  m_LocalEulerAnglesHint: {x: 0, y: 0, z: -15.181001}
--- !u!4 &4588419834448580
Transform:
  m_ObjectHideFlags: 1
  m_PrefabParentObject: {fileID: 0}
  m_PrefabInternal: {fileID: 100100000}
  m_GameObject: {fileID: 1399743595098314}
  m_LocalRotation: {x: -0, y: -0, z: -0, w: 1}
  m_LocalPosition: {x: -0.44, y: 5.739, z: 0}
  m_LocalScale: {x: 1, y: 1, z: 1}
  m_Children: []
  m_Father: {fileID: 4629963619900000}
  m_RootOrder: 5
  m_LocalEulerAnglesHint: {x: 0, y: 0, z: 0}
--- !u!4 &4620702714638654
Transform:
  m_ObjectHideFlags: 1
  m_PrefabParentObject: {fileID: 0}
  m_PrefabInternal: {fileID: 100100000}
  m_GameObject: {fileID: 1525891459816070}
  m_LocalRotation: {x: 0, y: 0, z: 0.70611256, w: 0.7080996}
  m_LocalPosition: {x: 2.7157156, y: -0.000000059604645, z: 0}
  m_LocalScale: {x: 1, y: 1, z: 1}
  m_Children:
  - {fileID: 4644130706402076}
  m_Father: {fileID: 4135433546728066}
  m_RootOrder: 0
  m_LocalEulerAnglesHint: {x: 0, y: 0, z: 89.839}
--- !u!4 &4629963619900000
Transform:
  m_ObjectHideFlags: 1
  m_PrefabParentObject: {fileID: 0}
  m_PrefabInternal: {fileID: 100100000}
  m_GameObject: {fileID: 1401306706351414}
  m_LocalRotation: {x: -0, y: -0, z: -0, w: 1}
  m_LocalPosition: {x: 0, y: 0, z: 0}
  m_LocalScale: {x: 1, y: 1, z: 1}
  m_Children:
  - {fileID: 4637195616304968}
  - {fileID: 4977915133718754}
  - {fileID: 4305778325064442}
  - {fileID: 4991443056676350}
  - {fileID: 4901160216117424}
  - {fileID: 4588419834448580}
  - {fileID: 4271590426749874}
  - {fileID: 4829323040178972}
  - {fileID: 4507980778304074}
  - {fileID: 4082942787484310}
  - {fileID: 4980675527928884}
  - {fileID: 4738832374168006}
  - {fileID: 4658399681206020}
  - {fileID: 4701493826541188}
  - {fileID: 4660024941936410}
  - {fileID: 4069716053072942}
  m_Father: {fileID: 4318772944655316}
  m_RootOrder: 0
  m_LocalEulerAnglesHint: {x: 0, y: 0, z: 0}
--- !u!4 &4637195616304968
Transform:
  m_ObjectHideFlags: 1
  m_PrefabParentObject: {fileID: 0}
  m_PrefabInternal: {fileID: 100100000}
  m_GameObject: {fileID: 1388948186624594}
  m_LocalRotation: {x: -0, y: -0, z: -0, w: 1}
  m_LocalPosition: {x: 0, y: 6.18, z: 0}
  m_LocalScale: {x: 1, y: 1, z: 1}
  m_Children: []
  m_Father: {fileID: 4629963619900000}
  m_RootOrder: 0
  m_LocalEulerAnglesHint: {x: 0, y: 0, z: 0}
--- !u!4 &4643171298155938
Transform:
  m_ObjectHideFlags: 1
  m_PrefabParentObject: {fileID: 0}
  m_PrefabInternal: {fileID: 100100000}
  m_GameObject: {fileID: 1695693363314054}
  m_LocalRotation: {x: -0, y: -0, z: -0.7099489, w: 0.70425326}
  m_LocalPosition: {x: -1.320472, y: 0.37686265, z: 0}
  m_LocalScale: {x: 1, y: 1, z: 1}
  m_Children: []
  m_Father: {fileID: 4463867025417412}
  m_RootOrder: 0
  m_LocalEulerAnglesHint: {x: 0, y: 0, z: 0}
--- !u!4 &4644130706402076
Transform:
  m_ObjectHideFlags: 1
  m_PrefabParentObject: {fileID: 0}
  m_PrefabInternal: {fileID: 100100000}
  m_GameObject: {fileID: 1846738287863342}
  m_LocalRotation: {x: 0, y: 0, z: 0.30072236, w: 0.9537118}
  m_LocalPosition: {x: 2.2723544, y: 0.00000071525574, z: 0}
  m_LocalScale: {x: 1, y: 1, z: 1}
  m_Children:
  - {fileID: 4647450804767056}
  m_Father: {fileID: 4620702714638654}
  m_RootOrder: 0
  m_LocalEulerAnglesHint: {x: 0, y: 0, z: 35.002}
--- !u!4 &4647450804767056
Transform:
  m_ObjectHideFlags: 1
  m_PrefabParentObject: {fileID: 0}
  m_PrefabInternal: {fileID: 100100000}
  m_GameObject: {fileID: 1883459060847000}
  m_LocalRotation: {x: 0, y: 0, z: 0.13209207, w: 0.99123746}
  m_LocalPosition: {x: 3.1685128, y: 0.00000011920929, z: 0}
  m_LocalScale: {x: 1, y: 1, z: 1}
  m_Children: []
  m_Father: {fileID: 4644130706402076}
  m_RootOrder: 0
  m_LocalEulerAnglesHint: {x: 0, y: 0, z: 15.181}
--- !u!4 &4658399681206020
Transform:
  m_ObjectHideFlags: 1
  m_PrefabParentObject: {fileID: 0}
  m_PrefabInternal: {fileID: 100100000}
  m_GameObject: {fileID: 1003795431887914}
  m_LocalRotation: {x: -0, y: -0, z: -0, w: 1}
  m_LocalPosition: {x: -1.59, y: 2.43, z: 0}
  m_LocalScale: {x: 1, y: 1, z: 1}
  m_Children: []
  m_Father: {fileID: 4629963619900000}
  m_RootOrder: 12
  m_LocalEulerAnglesHint: {x: 0, y: 0, z: 0}
--- !u!4 &4660024941936410
Transform:
  m_ObjectHideFlags: 1
  m_PrefabParentObject: {fileID: 0}
  m_PrefabInternal: {fileID: 100100000}
  m_GameObject: {fileID: 1076857868576568}
  m_LocalRotation: {x: 0, y: 0, z: 0.5262139, w: 0.8503522}
  m_LocalPosition: {x: -3, y: 1.97, z: 0}
  m_LocalScale: {x: 1, y: 1, z: 1}
  m_Children: []
  m_Father: {fileID: 4629963619900000}
  m_RootOrder: 14
  m_LocalEulerAnglesHint: {x: 0, y: 0, z: 63.5}
--- !u!4 &4697659599103594
Transform:
  m_ObjectHideFlags: 1
  m_PrefabParentObject: {fileID: 0}
  m_PrefabInternal: {fileID: 100100000}
  m_GameObject: {fileID: 1016628601609506}
  m_LocalRotation: {x: 0, y: 0, z: 0, w: 1}
  m_LocalPosition: {x: 0, y: 0.28546977, z: 0}
  m_LocalScale: {x: 1, y: 1, z: 1}
  m_Children:
  - {fileID: 4314595873693656}
  - {fileID: 4921913088197576}
  - {fileID: 4065192346549552}
  m_Father: {fileID: 4214588515825356}
  m_RootOrder: 0
  m_LocalEulerAnglesHint: {x: 0, y: 0, z: 0}
--- !u!4 &4701493826541188
Transform:
  m_ObjectHideFlags: 1
  m_PrefabParentObject: {fileID: 0}
  m_PrefabInternal: {fileID: 100100000}
  m_GameObject: {fileID: 1317190395524562}
  m_LocalRotation: {x: 0, y: 0, z: 0.7071068, w: 0.7071068}
  m_LocalPosition: {x: 2.651, y: -2.77, z: 0}
  m_LocalScale: {x: 1, y: 1, z: 1}
  m_Children: []
  m_Father: {fileID: 4629963619900000}
  m_RootOrder: 13
  m_LocalEulerAnglesHint: {x: 0, y: 0, z: 90}
--- !u!4 &4738665018114842
Transform:
  m_ObjectHideFlags: 1
  m_PrefabParentObject: {fileID: 0}
  m_PrefabInternal: {fileID: 100100000}
  m_GameObject: {fileID: 1303885508855498}
  m_LocalRotation: {x: 0, y: 0, z: -0.7071068, w: 0.7071068}
  m_LocalPosition: {x: -0.27765465, y: 0, z: 0}
  m_LocalScale: {x: 1, y: 1, z: 1}
  m_Children: []
  m_Father: {fileID: 4463867025417412}
  m_RootOrder: 3
  m_LocalEulerAnglesHint: {x: 0, y: 0, z: -90}
--- !u!4 &4738832374168006
Transform:
  m_ObjectHideFlags: 1
  m_PrefabParentObject: {fileID: 0}
  m_PrefabInternal: {fileID: 100100000}
  m_GameObject: {fileID: 1150128044476156}
  m_LocalRotation: {x: -0, y: -0, z: -0, w: 1}
  m_LocalPosition: {x: 0, y: 0, z: 0}
  m_LocalScale: {x: 1, y: 1, z: 1}
  m_Children: []
  m_Father: {fileID: 4629963619900000}
  m_RootOrder: 11
  m_LocalEulerAnglesHint: {x: 0, y: 0, z: 0}
--- !u!4 &4804904255626174
Transform:
  m_ObjectHideFlags: 1
  m_PrefabParentObject: {fileID: 0}
  m_PrefabInternal: {fileID: 100100000}
  m_GameObject: {fileID: 1280788417709022}
  m_LocalRotation: {x: 0, y: 0, z: 0, w: 1}
  m_LocalPosition: {x: 0.7548097, y: 0.36295077, z: 0}
  m_LocalScale: {x: 1, y: 1, z: 1}
  m_Children: []
  m_Father: {fileID: 4463867025417412}
  m_RootOrder: 1
  m_LocalEulerAnglesHint: {x: 0, y: 0, z: 0}
--- !u!4 &4815301819383438
Transform:
  m_ObjectHideFlags: 1
  m_PrefabParentObject: {fileID: 0}
  m_PrefabInternal: {fileID: 100100000}
  m_GameObject: {fileID: 1849621484898134}
  m_LocalRotation: {x: 0, y: 0, z: 0.70702267, w: 0.7071909}
  m_LocalPosition: {x: 0, y: -3.9056592, z: 0}
  m_LocalScale: {x: 1, y: 1, z: 1}
  m_Children:
  - {fileID: 4463867025417412}
  - {fileID: 4833686610747726}
  - {fileID: 4542908109282746}
  m_Father: {fileID: 4214588515825356}
  m_RootOrder: 1
  m_LocalEulerAnglesHint: {x: 0, y: 0, z: 89.98601}
--- !u!4 &4829323040178972
Transform:
  m_ObjectHideFlags: 1
  m_PrefabParentObject: {fileID: 0}
  m_PrefabInternal: {fileID: 100100000}
  m_GameObject: {fileID: 1467550609228172}
  m_LocalRotation: {x: -0, y: -0, z: -0, w: 1}
  m_LocalPosition: {x: 0.406, y: 5.689, z: 0}
  m_LocalScale: {x: 1, y: 1, z: 1}
  m_Children: []
  m_Father: {fileID: 4629963619900000}
  m_RootOrder: 7
  m_LocalEulerAnglesHint: {x: 0, y: 0, z: 0}
--- !u!4 &4829544513944012
Transform:
  m_ObjectHideFlags: 1
  m_PrefabParentObject: {fileID: 0}
  m_PrefabInternal: {fileID: 100100000}
  m_GameObject: {fileID: 1147918240658818}
  m_LocalRotation: {x: 0, y: 0, z: -0.30072168, w: 0.953712}
  m_LocalPosition: {x: 2.2723544, y: 0.00000071525574, z: 0}
  m_LocalScale: {x: 1, y: 1, z: 1}
  m_Children:
  - {fileID: 4586961276777856}
  m_Father: {fileID: 4068848073219646}
  m_RootOrder: 0
  m_LocalEulerAnglesHint: {x: 0, y: 0, z: -35.002003}
--- !u!4 &4833686610747726
Transform:
  m_ObjectHideFlags: 1
  m_PrefabParentObject: {fileID: 0}
  m_PrefabInternal: {fileID: 100100000}
  m_GameObject: {fileID: 1505903694048394}
  m_LocalRotation: {x: 0, y: 0, z: -0.7071068, w: 0.7071068}
  m_LocalPosition: {x: 6.6430206, y: 0, z: 0}
  m_LocalScale: {x: 1, y: 1, z: 1}
  m_Children:
  - {fileID: 4988028587958564}
  - {fileID: 4988465298293820}
  m_Father: {fileID: 4815301819383438}
  m_RootOrder: 1
  m_LocalEulerAnglesHint: {x: 0, y: 0, z: -90}
--- !u!4 &4901160216117424
Transform:
  m_ObjectHideFlags: 1
  m_PrefabParentObject: {fileID: 0}
  m_PrefabInternal: {fileID: 100100000}
  m_GameObject: {fileID: 1197258666020114}
  m_LocalRotation: {x: 0, y: 0, z: -0.7071068, w: 0.7071068}
  m_LocalPosition: {x: -4.08, y: -2.05, z: 0}
  m_LocalScale: {x: 1, y: 1, z: 1}
  m_Children: []
  m_Father: {fileID: 4629963619900000}
  m_RootOrder: 4
  m_LocalEulerAnglesHint: {x: 0, y: 0, z: -90}
--- !u!4 &4921913088197576
Transform:
  m_ObjectHideFlags: 1
  m_PrefabParentObject: {fileID: 0}
  m_PrefabInternal: {fileID: 100100000}
  m_GameObject: {fileID: 1085073644690080}
  m_LocalRotation: {x: 0, y: 0, z: -0.7181385, w: 0.6959002}
  m_LocalPosition: {x: -2.207071, y: -0.3415802, z: 0}
  m_LocalScale: {x: 1, y: 1, z: 1}
  m_Children: []
  m_Father: {fileID: 4697659599103594}
  m_RootOrder: 1
  m_LocalEulerAnglesHint: {x: 0, y: 0, z: -91.802}
--- !u!4 &4947329049369934
Transform:
  m_ObjectHideFlags: 1
  m_PrefabParentObject: {fileID: 0}
  m_PrefabInternal: {fileID: 100100000}
  m_GameObject: {fileID: 1553845636423674}
  m_LocalRotation: {x: 0, y: 0, z: 0.4376337, w: 0.8991534}
  m_LocalPosition: {x: 1.0287687, y: -0.22971332, z: 0}
  m_LocalScale: {x: 1, y: 1, z: 1}
  m_Children:
  - {fileID: 4068848073219646}
  m_Father: {fileID: 4542908109282746}
  m_RootOrder: 0
  m_LocalEulerAnglesHint: {x: 0, y: 0, z: 51.906002}
--- !u!4 &4977915133718754
Transform:
  m_ObjectHideFlags: 1
  m_PrefabParentObject: {fileID: 0}
  m_PrefabInternal: {fileID: 100100000}
  m_GameObject: {fileID: 1956481608038186}
  m_LocalRotation: {x: -0, y: -0, z: -0, w: 1}
  m_LocalPosition: {x: 0, y: 3.34, z: 0}
  m_LocalScale: {x: 1, y: 1, z: 1}
  m_Children: []
  m_Father: {fileID: 4629963619900000}
  m_RootOrder: 1
  m_LocalEulerAnglesHint: {x: 0, y: 0, z: 0}
--- !u!4 &4980675527928884
Transform:
  m_ObjectHideFlags: 1
  m_PrefabParentObject: {fileID: 0}
  m_PrefabInternal: {fileID: 100100000}
  m_GameObject: {fileID: 1375696918082630}
  m_LocalRotation: {x: -0, y: -0, z: -0, w: 1}
  m_LocalPosition: {x: 1.59, y: 2.43, z: 0}
  m_LocalScale: {x: 1, y: 1, z: 1}
  m_Children: []
  m_Father: {fileID: 4629963619900000}
  m_RootOrder: 10
  m_LocalEulerAnglesHint: {x: 0, y: 0, z: 0}
--- !u!4 &4988028587958564
Transform:
  m_ObjectHideFlags: 1
  m_PrefabParentObject: {fileID: 0}
  m_PrefabInternal: {fileID: 100100000}
  m_GameObject: {fileID: 1470365284506292}
  m_LocalRotation: {x: 0, y: 0, z: -0.99711925, w: 0.07585012}
  m_LocalPosition: {x: -0.90665114, y: 0.028116107, z: 0}
  m_LocalScale: {x: 1, y: 1, z: 1}
  m_Children:
  - {fileID: 4995639526263684}
  m_Father: {fileID: 4833686610747726}
  m_RootOrder: 0
  m_LocalEulerAnglesHint: {x: 0, y: 0, z: -171.3}
--- !u!4 &4988465298293820
Transform:
  m_ObjectHideFlags: 1
  m_PrefabParentObject: {fileID: 0}
  m_PrefabInternal: {fileID: 100100000}
  m_GameObject: {fileID: 1665251911230654}
  m_LocalRotation: {x: 0, y: 0, z: -0.06478269, w: 0.9978994}
  m_LocalPosition: {x: 0.9633056, y: 0.0143944025, z: 0}
  m_LocalScale: {x: 1, y: 1, z: 1}
  m_Children:
  - {fileID: 4533791244941798}
  m_Father: {fileID: 4833686610747726}
  m_RootOrder: 1
  m_LocalEulerAnglesHint: {x: 0, y: 0, z: -7.4290004}
--- !u!4 &4991443056676350
Transform:
  m_ObjectHideFlags: 1
  m_PrefabParentObject: {fileID: 0}
  m_PrefabInternal: {fileID: 100100000}
  m_GameObject: {fileID: 1729146885685306}
  m_LocalRotation: {x: -0, y: -0, z: -0, w: 1}
  m_LocalPosition: {x: 3.06, y: -1.63, z: 0}
  m_LocalScale: {x: 1, y: 1, z: 1}
  m_Children: []
  m_Father: {fileID: 4629963619900000}
  m_RootOrder: 3
  m_LocalEulerAnglesHint: {x: 0, y: 0, z: 0}
--- !u!4 &4995639526263684
Transform:
  m_ObjectHideFlags: 1
  m_PrefabParentObject: {fileID: 0}
  m_PrefabInternal: {fileID: 100100000}
  m_GameObject: {fileID: 1008219346387356}
  m_LocalRotation: {x: 0, y: 0, z: 0.29362017, w: 0.9559222}
  m_LocalPosition: {x: 1.0318116, y: -0.000000029802322, z: 0}
  m_LocalScale: {x: 1, y: 1, z: 1}
  m_Children: []
  m_Father: {fileID: 4988028587958564}
  m_RootOrder: 0
  m_LocalEulerAnglesHint: {x: 0, y: 0, z: 34.47}
--- !u!95 &95625549768804990
Animator:
  serializedVersion: 3
  m_ObjectHideFlags: 1
  m_PrefabParentObject: {fileID: 0}
  m_PrefabInternal: {fileID: 100100000}
  m_GameObject: {fileID: 1303746110126418}
  m_Enabled: 1
  m_Avatar: {fileID: 0}
  m_Controller: {fileID: 9100000, guid: f13b14987644e4916b5cbdb3c62af5dc, type: 2}
  m_CullingMode: 0
  m_UpdateMode: 0
  m_ApplyRootMotion: 0
  m_LinearVelocityBlending: 0
  m_WarningMessage: 
  m_HasTransformHierarchy: 1
  m_AllowConstantClipSamplingOptimization: 1
  m_KeepAnimatorControllerStateOnDisable: 0
--- !u!114 &114018947522166036
MonoBehaviour:
  m_ObjectHideFlags: 1
  m_PrefabParentObject: {fileID: 0}
  m_PrefabInternal: {fileID: 100100000}
  m_GameObject: {fileID: 1010936596265210}
  m_Enabled: 1
  m_EditorHideFlags: 0
  m_Script: {fileID: 11500000, guid: 03b157d7625014c58bfbad3513f40289, type: 3}
  m_Name: 
  m_EditorClassIdentifier: 
  m_Color: {r: 1, g: 1, b: 1, a: 1}
  m_Length: 11.23
  m_Child: {fileID: 0}
  m_ChildTransform: {fileID: 0}
  m_AttachedIK: {fileID: 0}
--- !u!114 &114036006542860708
MonoBehaviour:
  m_ObjectHideFlags: 1
  m_PrefabParentObject: {fileID: 0}
  m_PrefabInternal: {fileID: 100100000}
  m_GameObject: {fileID: 1602983032631714}
  m_Enabled: 1
  m_EditorHideFlags: 0
  m_Script: {fileID: 11500000, guid: 5ec17ceaa560940e9bf0dbeafc3a1971, type: 3}
  m_Name: 
  m_EditorClassIdentifier: 
  m_SpriteMesh: {fileID: 11400000, guid: 22e38359ba6f649bc978d9f05a01bc02, type: 2}
  m_Color: {r: 1, g: 1, b: 1, a: 1}
  m_Materials:
  - {fileID: 10754, guid: 0000000000000000f000000000000000, type: 0}
  m_SortingLayerID: 0
  m_SortingOrder: 8
  m_Bones: []
  m_BoneTransforms:
  - {fileID: 4804904255626174}
--- !u!114 &114055204028523996
MonoBehaviour:
  m_ObjectHideFlags: 1
  m_PrefabParentObject: {fileID: 0}
  m_PrefabInternal: {fileID: 100100000}
  m_GameObject: {fileID: 1470365284506292}
  m_Enabled: 1
  m_EditorHideFlags: 0
  m_Script: {fileID: 11500000, guid: 03b157d7625014c58bfbad3513f40289, type: 3}
  m_Name: 
  m_EditorClassIdentifier: 
  m_Color: {r: 1, g: 1, b: 1, a: 1}
  m_Length: 1.0318116
  m_Child: {fileID: 0}
  m_ChildTransform: {fileID: 4995639526263684}
  m_AttachedIK: {fileID: 0}
--- !u!114 &114073444590135876
MonoBehaviour:
  m_ObjectHideFlags: 1
  m_PrefabParentObject: {fileID: 0}
  m_PrefabInternal: {fileID: 100100000}
  m_GameObject: {fileID: 1197258666020114}
  m_Enabled: 1
  m_EditorHideFlags: 0
  m_Script: {fileID: 11500000, guid: 5ec17ceaa560940e9bf0dbeafc3a1971, type: 3}
  m_Name: 
  m_EditorClassIdentifier: 
  m_SpriteMesh: {fileID: 11400000, guid: 691e5eb4e9cd345c5a92c64cfb2ab73a, type: 2}
  m_Color: {r: 1, g: 1, b: 1, a: 1}
  m_Materials:
  - {fileID: 10754, guid: 0000000000000000f000000000000000, type: 0}
  m_SortingLayerID: 0
  m_SortingOrder: 1
  m_Bones: []
  m_BoneTransforms:
  - {fileID: 4065192346549552}
--- !u!114 &114137617911998722
MonoBehaviour:
  m_ObjectHideFlags: 1
  m_PrefabParentObject: {fileID: 0}
  m_PrefabInternal: {fileID: 100100000}
  m_GameObject: {fileID: 1016628601609506}
  m_Enabled: 1
  m_EditorHideFlags: 0
  m_Script: {fileID: 11500000, guid: 03b157d7625014c58bfbad3513f40289, type: 3}
  m_Name: 
  m_EditorClassIdentifier: 
  m_Color: {r: 1, g: 1, b: 1, a: 1}
  m_Length: 1
  m_Child: {fileID: 0}
  m_ChildTransform: {fileID: 0}
  m_AttachedIK: {fileID: 0}
--- !u!114 &114149461122688786
MonoBehaviour:
  m_ObjectHideFlags: 1
  m_PrefabParentObject: {fileID: 0}
  m_PrefabInternal: {fileID: 100100000}
  m_GameObject: {fileID: 1150128044476156}
  m_Enabled: 1
  m_EditorHideFlags: 0
  m_Script: {fileID: 11500000, guid: 5ec17ceaa560940e9bf0dbeafc3a1971, type: 3}
  m_Name: 
  m_EditorClassIdentifier: 
  m_SpriteMesh: {fileID: 11400000, guid: 7fb8cf3c27d4049338bea7d98cb363d0, type: 2}
  m_Color: {r: 1, g: 1, b: 1, a: 1}
  m_Materials:
  - {fileID: 10754, guid: 0000000000000000f000000000000000, type: 0}
  m_SortingLayerID: 0
  m_SortingOrder: 4
  m_Bones: []
  m_BoneTransforms:
  - {fileID: 4815301819383438}
--- !u!114 &114157215475406526
MonoBehaviour:
  m_ObjectHideFlags: 1
  m_PrefabParentObject: {fileID: 0}
  m_PrefabInternal: {fileID: 100100000}
  m_GameObject: {fileID: 1846738287863342}
  m_Enabled: 1
  m_EditorHideFlags: 0
  m_Script: {fileID: 11500000, guid: 03b157d7625014c58bfbad3513f40289, type: 3}
  m_Name: 
  m_EditorClassIdentifier: 
  m_Color: {r: 1, g: 1, b: 1, a: 1}
  m_Length: 3.1685157
  m_Child: {fileID: 0}
  m_ChildTransform: {fileID: 4647450804767056}
  m_AttachedIK: {fileID: 0}
--- !u!114 &114236860931351892
MonoBehaviour:
  m_ObjectHideFlags: 1
  m_PrefabParentObject: {fileID: 0}
  m_PrefabInternal: {fileID: 100100000}
  m_GameObject: {fileID: 1114987289430732}
  m_Enabled: 1
  m_EditorHideFlags: 0
  m_Script: {fileID: 11500000, guid: 5ec17ceaa560940e9bf0dbeafc3a1971, type: 3}
  m_Name: 
  m_EditorClassIdentifier: 
  m_SpriteMesh: {fileID: 11400000, guid: 87552c9f9a51a45b88b0774afb6aa108, type: 2}
  m_Color: {r: 1, g: 1, b: 1, a: 1}
  m_Materials:
  - {fileID: 10754, guid: 0000000000000000f000000000000000, type: 0}
  m_SortingLayerID: 0
  m_SortingOrder: 7
  m_Bones: []
  m_BoneTransforms:
  - {fileID: 4030065217462550}
--- !u!114 &114258434125094232
MonoBehaviour:
  m_ObjectHideFlags: 1
  m_PrefabParentObject: {fileID: 0}
  m_PrefabInternal: {fileID: 100100000}
  m_GameObject: {fileID: 1175225732142590}
  m_Enabled: 1
  m_EditorHideFlags: 0
  m_Script: {fileID: 11500000, guid: 03b157d7625014c58bfbad3513f40289, type: 3}
  m_Name: 
  m_EditorClassIdentifier: 
  m_Color: {r: 1, g: 1, b: 1, a: 1}
  m_Length: 1
  m_Child: {fileID: 0}
  m_ChildTransform: {fileID: 0}
  m_AttachedIK: {fileID: 0}
--- !u!114 &114259634730869774
MonoBehaviour:
  m_ObjectHideFlags: 1
  m_PrefabParentObject: {fileID: 0}
  m_PrefabInternal: {fileID: 100100000}
  m_GameObject: {fileID: 1997155834975824}
  m_Enabled: 1
  m_EditorHideFlags: 0
  m_Script: {fileID: 11500000, guid: 03b157d7625014c58bfbad3513f40289, type: 3}
  m_Name: 
  m_EditorClassIdentifier: 
  m_Color: {r: 1, g: 1, b: 1, a: 1}
  m_Length: 1.0000001
  m_Child: {fileID: 0}
  m_ChildTransform: {fileID: 0}
  m_AttachedIK: {fileID: 0}
--- !u!114 &114280669396469690
MonoBehaviour:
  m_ObjectHideFlags: 1
  m_PrefabParentObject: {fileID: 0}
  m_PrefabInternal: {fileID: 100100000}
  m_GameObject: {fileID: 1547106070336874}
  m_Enabled: 1
  m_EditorHideFlags: 0
  m_Script: {fileID: 11500000, guid: 5ec17ceaa560940e9bf0dbeafc3a1971, type: 3}
  m_Name: 
  m_EditorClassIdentifier: 
  m_SpriteMesh: {fileID: 11400000, guid: b7f9dc4b500584c08a0c1c27743a5209, type: 2}
  m_Color: {r: 1, g: 1, b: 1, a: 1}
  m_Materials:
  - {fileID: 10754, guid: 0000000000000000f000000000000000, type: 0}
  m_SortingLayerID: 0
  m_SortingOrder: 3
  m_Bones: []
  m_BoneTransforms:
  - {fileID: 4921913088197576}
--- !u!114 &114324140676428712
MonoBehaviour:
  m_ObjectHideFlags: 1
  m_PrefabParentObject: {fileID: 0}
  m_PrefabInternal: {fileID: 100100000}
  m_GameObject: {fileID: 1031738839814454}
  m_Enabled: 1
  m_EditorHideFlags: 0
  m_Script: {fileID: 11500000, guid: 5ec17ceaa560940e9bf0dbeafc3a1971, type: 3}
  m_Name: 
  m_EditorClassIdentifier: 
  m_SpriteMesh: {fileID: 11400000, guid: 19f2d946ee3be4c23a70ec36c8f4f46d, type: 2}
  m_Color: {r: 1, g: 1, b: 1, a: 1}
  m_Materials:
  - {fileID: 10754, guid: 0000000000000000f000000000000000, type: 0}
  m_SortingLayerID: 0
  m_SortingOrder: 2
  m_Bones: []
  m_BoneTransforms:
  - {fileID: 4947329049369934}
  - {fileID: 4068848073219646}
  - {fileID: 4829544513944012}
  - {fileID: 4586961276777856}
--- !u!114 &114328138638226498
MonoBehaviour:
  m_ObjectHideFlags: 1
  m_PrefabParentObject: {fileID: 0}
  m_PrefabInternal: {fileID: 100100000}
  m_GameObject: {fileID: 1008219346387356}
  m_Enabled: 1
  m_EditorHideFlags: 0
  m_Script: {fileID: 11500000, guid: 03b157d7625014c58bfbad3513f40289, type: 3}
  m_Name: 
  m_EditorClassIdentifier: 
  m_Color: {r: 1, g: 1, b: 1, a: 1}
  m_Length: 1
  m_Child: {fileID: 0}
  m_ChildTransform: {fileID: 0}
  m_AttachedIK: {fileID: 0}
--- !u!114 &114338203921866570
MonoBehaviour:
  m_ObjectHideFlags: 1
  m_PrefabParentObject: {fileID: 0}
  m_PrefabInternal: {fileID: 100100000}
  m_GameObject: {fileID: 1665251911230654}
  m_Enabled: 1
  m_EditorHideFlags: 0
  m_Script: {fileID: 11500000, guid: 03b157d7625014c58bfbad3513f40289, type: 3}
  m_Name: 
  m_EditorClassIdentifier: 
  m_Color: {r: 1, g: 1, b: 1, a: 1}
  m_Length: 0.9958304
  m_Child: {fileID: 0}
  m_ChildTransform: {fileID: 4533791244941798}
  m_AttachedIK: {fileID: 0}
--- !u!114 &114399731676970406
MonoBehaviour:
  m_ObjectHideFlags: 1
  m_PrefabParentObject: {fileID: 0}
  m_PrefabInternal: {fileID: 100100000}
  m_GameObject: {fileID: 1883459060847000}
  m_Enabled: 1
  m_EditorHideFlags: 0
  m_Script: {fileID: 11500000, guid: 03b157d7625014c58bfbad3513f40289, type: 3}
  m_Name: 
  m_EditorClassIdentifier: 
  m_Color: {r: 1, g: 1, b: 1, a: 1}
  m_Length: 2
  m_Child: {fileID: 0}
  m_ChildTransform: {fileID: 0}
  m_AttachedIK: {fileID: 0}
--- !u!114 &114404894266467592
MonoBehaviour:
  m_ObjectHideFlags: 1
  m_PrefabParentObject: {fileID: 0}
  m_PrefabInternal: {fileID: 100100000}
  m_GameObject: {fileID: 1399743595098314}
  m_Enabled: 1
  m_EditorHideFlags: 0
  m_Script: {fileID: 11500000, guid: 5ec17ceaa560940e9bf0dbeafc3a1971, type: 3}
  m_Name: 
  m_EditorClassIdentifier: 
  m_SpriteMesh: {fileID: 11400000, guid: 9a9f7115111244634bdb87996f8ba6eb, type: 2}
  m_Color: {r: 1, g: 1, b: 1, a: 1}
  m_Materials:
  - {fileID: 10754, guid: 0000000000000000f000000000000000, type: 0}
  m_SortingLayerID: 0
  m_SortingOrder: 7
  m_Bones: []
  m_BoneTransforms:
  - {fileID: 4804904255626174}
--- !u!114 &114440376563079736
MonoBehaviour:
  m_ObjectHideFlags: 1
  m_PrefabParentObject: {fileID: 0}
  m_PrefabInternal: {fileID: 100100000}
  m_GameObject: {fileID: 1303746110126418}
  m_Enabled: 1
  m_EditorHideFlags: 0
  m_Script: {fileID: 11500000, guid: 8af5455b167a9d54c97ffb5e6cd67191, type: 3}
  m_Name: 
  m_EditorClassIdentifier: 
  prefab_Menu: {fileID: 0}
  ob_Menu: {fileID: 0}
  ob_Enemy: {fileID: 0}
  Player_Name: {fileID: 0}
  CharaName: "\u30C9\u30E9\u30B4\u30F3"
  Lv: 10
  Hp: 60
  M_Hp: 60
  Mp: 510
  M_Mp: 510
  Str: 18
  Agi: 20
  Int: 8
  Vit: 5
  Luk: 25
  Cri: 30
  Fatigue: 0
  Atr: 3
  Exp: 100
  G: 1200
  B_Str: 0
  B_Agi: 0
  B_Int: 0
  B_Vit: 0
  B_Luk: 0
  B_Cri: 0
  B_Abn: 0
  isDammy: 0
  PlyOrEnm: 1
  anim: {fileID: 0}
  GroupName: 
  ObjectID: 0
  B_Priority: 0
  NextAct: 0
  SelectedActNum: 0
  TargetObject: 0
  SelectedTgtNo: 0
  SelectedTgtName: 
  EnmStatus: []
  SelectedSkl:
    SkillName: 
    SkillID: 0
    mpCost: 0
    effectAmount: 0
    getSkillLevel: 0
    like: 0
    effects: 
    attribute: 0
    Target: 0
    SkillMessages: []
    EffectName: 
    ViewType: 0
    DamageFormula: 
    ExplanatoryText: 
    IconSprite: {fileID: 0}
    IconEffectSprite: {fileID: 0}
  SelectedItem:
    ItemName: 
    ItemID: 0
    effectAmount: 0
    rarity: 0
    kind: 0
    effects: 
    attribute: 0
    Target: 0
    ItemMessages: []
    EffectName: 
    DamageFormula: 
    ExplanatoryText: 
    Gold: 0
    MaterialItemIDs: 
    ItemNum: 0
    IconSprite: {fileID: 0}
    IconEffectSprite: {fileID: 0}
  UseMagic: 0
  TalkText:
  - 
  - 
  - 
  - 
  - 
  PlayedEndMessage: 0
--- !u!114 &114452711059450540
MonoBehaviour:
  m_ObjectHideFlags: 1
  m_PrefabParentObject: {fileID: 0}
  m_PrefabInternal: {fileID: 100100000}
  m_GameObject: {fileID: 1956481608038186}
  m_Enabled: 1
  m_EditorHideFlags: 0
  m_Script: {fileID: 11500000, guid: 5ec17ceaa560940e9bf0dbeafc3a1971, type: 3}
  m_Name: 
  m_EditorClassIdentifier: 
  m_SpriteMesh: {fileID: 11400000, guid: 3a00f8a07d78745379b5caa327879d23, type: 2}
  m_Color: {r: 1, g: 1, b: 1, a: 1}
  m_Materials:
  - {fileID: 10754, guid: 0000000000000000f000000000000000, type: 0}
  m_SortingLayerID: 0
  m_SortingOrder: 5
  m_Bones: []
  m_BoneTransforms:
  - {fileID: 4643171298155938}
--- !u!114 &114463440492089234
MonoBehaviour:
  m_ObjectHideFlags: 1
  m_PrefabParentObject: {fileID: 0}
  m_PrefabInternal: {fileID: 100100000}
  m_GameObject: {fileID: 1466335388106450}
  m_Enabled: 1
  m_EditorHideFlags: 0
  m_Script: {fileID: 11500000, guid: 03b157d7625014c58bfbad3513f40289, type: 3}
  m_Name: 
  m_EditorClassIdentifier: 
  m_Color: {r: 1, g: 1, b: 1, a: 1}
  m_Length: 0.5
  m_Child: {fileID: 0}
  m_ChildTransform: {fileID: 0}
  m_AttachedIK: {fileID: 0}
--- !u!114 &114470804179284186
MonoBehaviour:
  m_ObjectHideFlags: 1
  m_PrefabParentObject: {fileID: 0}
  m_PrefabInternal: {fileID: 100100000}
  m_GameObject: {fileID: 1375696918082630}
  m_Enabled: 1
  m_EditorHideFlags: 0
  m_Script: {fileID: 11500000, guid: 5ec17ceaa560940e9bf0dbeafc3a1971, type: 3}
  m_Name: 
  m_EditorClassIdentifier: 
  m_SpriteMesh: {fileID: 11400000, guid: 47ea4bb0c81e442b8aec806ed9af9450, type: 2}
  m_Color: {r: 1, g: 1, b: 1, a: 1}
  m_Materials:
  - {fileID: 10754, guid: 0000000000000000f000000000000000, type: 0}
  m_SortingLayerID: 0
  m_SortingOrder: 3
  m_Bones: []
  m_BoneTransforms:
  - {fileID: 4988465298293820}
  - {fileID: 4533791244941798}
--- !u!114 &114479695022934704
MonoBehaviour:
  m_ObjectHideFlags: 1
  m_PrefabParentObject: {fileID: 0}
  m_PrefabInternal: {fileID: 100100000}
  m_GameObject: {fileID: 1388948186624594}
  m_Enabled: 1
  m_EditorHideFlags: 0
  m_Script: {fileID: 11500000, guid: 5ec17ceaa560940e9bf0dbeafc3a1971, type: 3}
  m_Name: 
  m_EditorClassIdentifier: 
  m_SpriteMesh: {fileID: 11400000, guid: cdb37d5d53ab04de28138a4ba189527f, type: 2}
  m_Color: {r: 1, g: 1, b: 1, a: 1}
  m_Materials:
  - {fileID: 10754, guid: 0000000000000000f000000000000000, type: 0}
  m_SortingLayerID: 0
  m_SortingOrder: 9
  m_Bones: []
  m_BoneTransforms:
  - {fileID: 4463867025417412}
--- !u!114 &114492898750153338
MonoBehaviour:
  m_ObjectHideFlags: 1
  m_PrefabParentObject: {fileID: 0}
  m_PrefabInternal: {fileID: 100100000}
  m_GameObject: {fileID: 1171337701438616}
  m_Enabled: 1
  m_EditorHideFlags: 0
  m_Script: {fileID: 11500000, guid: 03b157d7625014c58bfbad3513f40289, type: 3}
  m_Name: 
  m_EditorClassIdentifier: 
  m_Color: {r: 1, g: 1, b: 1, a: 1}
  m_Length: 5
  m_Child: {fileID: 0}
  m_ChildTransform: {fileID: 0}
  m_AttachedIK: {fileID: 0}
--- !u!114 &114555362821366556
MonoBehaviour:
  m_ObjectHideFlags: 1
  m_PrefabParentObject: {fileID: 0}
  m_PrefabInternal: {fileID: 100100000}
  m_GameObject: {fileID: 1787172684013400}
  m_Enabled: 1
  m_EditorHideFlags: 0
  m_Script: {fileID: 11500000, guid: 03b157d7625014c58bfbad3513f40289, type: 3}
  m_Name: 
  m_EditorClassIdentifier: 
  m_Color: {r: 1, g: 1, b: 1, a: 1}
  m_Length: 2.715717
  m_Child: {fileID: 0}
  m_ChildTransform: {fileID: 4620702714638654}
  m_AttachedIK: {fileID: 0}
--- !u!114 &114632479829238014
MonoBehaviour:
  m_ObjectHideFlags: 1
  m_PrefabParentObject: {fileID: 0}
  m_PrefabInternal: {fileID: 100100000}
  m_GameObject: {fileID: 1303746110126418}
  m_Enabled: 1
  m_EditorHideFlags: 0
  m_Script: {fileID: 11500000, guid: 19e7f1f79d16c7d458948fd3e4fe6405, type: 3}
  m_Name: 
  m_EditorClassIdentifier: 
  Name: 10
  SkillNames: 19000000
  skills:
  - SkillName: 
    SkillID: 0
    mpCost: 0
    effectAmount: 0
    getSkillLevel: 0
    like: 0
    effects: 
    attribute: 0
    Target: 0
    SkillMessages: []
    EffectName: 
    ViewType: 0
    DamageFormula: 
    ExplanatoryText: 
    IconSprite: {fileID: 0}
    IconEffectSprite: {fileID: 0}
  - SkillName: 
    SkillID: 0
    mpCost: 0
    effectAmount: 0
    getSkillLevel: 0
    like: 0
    effects: 
    attribute: 0
    Target: 0
    SkillMessages: []
    EffectName: 
    ViewType: 0
    DamageFormula: 
    ExplanatoryText: 
    IconSprite: {fileID: 0}
    IconEffectSprite: {fileID: 0}
  - SkillName: 
    SkillID: 0
    mpCost: 0
    effectAmount: 0
    getSkillLevel: 0
    like: 0
    effects: 
    attribute: 0
    Target: 0
    SkillMessages: []
    EffectName: 
    ViewType: 0
    DamageFormula: 
    ExplanatoryText: 
    IconSprite: {fileID: 0}
    IconEffectSprite: {fileID: 0}
--- !u!114 &114650986891862130
MonoBehaviour:
  m_ObjectHideFlags: 1
  m_PrefabParentObject: {fileID: 0}
  m_PrefabInternal: {fileID: 100100000}
  m_GameObject: {fileID: 1695693363314054}
  m_Enabled: 1
  m_EditorHideFlags: 0
  m_Script: {fileID: 11500000, guid: 03b157d7625014c58bfbad3513f40289, type: 3}
  m_Name: 
  m_EditorClassIdentifier: 
  m_Color: {r: 1, g: 1, b: 1, a: 1}
  m_Length: 1
  m_Child: {fileID: 0}
  m_ChildTransform: {fileID: 0}
  m_AttachedIK: {fileID: 0}
--- !u!114 &114696667403914718
MonoBehaviour:
  m_ObjectHideFlags: 1
  m_PrefabParentObject: {fileID: 0}
  m_PrefabInternal: {fileID: 100100000}
  m_GameObject: {fileID: 1467550609228172}
  m_Enabled: 1
  m_EditorHideFlags: 0
  m_Script: {fileID: 11500000, guid: 5ec17ceaa560940e9bf0dbeafc3a1971, type: 3}
  m_Name: 
  m_EditorClassIdentifier: 
  m_SpriteMesh: {fileID: 11400000, guid: dcc9ba2165b6745e9937d8e57adc6f2f, type: 2}
  m_Color: {r: 1, g: 1, b: 1, a: 1}
  m_Materials:
  - {fileID: 10754, guid: 0000000000000000f000000000000000, type: 0}
  m_SortingLayerID: 0
  m_SortingOrder: 8
  m_Bones: []
  m_BoneTransforms:
  - {fileID: 4030065217462550}
--- !u!114 &114697041790720832
MonoBehaviour:
  m_ObjectHideFlags: 1
  m_PrefabParentObject: {fileID: 0}
  m_PrefabInternal: {fileID: 100100000}
  m_GameObject: {fileID: 1849621484898134}
  m_Enabled: 1
  m_EditorHideFlags: 0
  m_Script: {fileID: 11500000, guid: 03b157d7625014c58bfbad3513f40289, type: 3}
  m_Name: 
  m_EditorClassIdentifier: 
  m_Color: {r: 1, g: 1, b: 1, a: 1}
  m_Length: 8.80961
  m_Child: {fileID: 0}
  m_ChildTransform: {fileID: 4463867025417412}
  m_AttachedIK: {fileID: 0}
--- !u!114 &114709676518189486
MonoBehaviour:
  m_ObjectHideFlags: 1
  m_PrefabParentObject: {fileID: 0}
  m_PrefabInternal: {fileID: 100100000}
  m_GameObject: {fileID: 1505903694048394}
  m_Enabled: 1
  m_EditorHideFlags: 0
  m_Script: {fileID: 11500000, guid: 03b157d7625014c58bfbad3513f40289, type: 3}
  m_Name: 
  m_EditorClassIdentifier: 
  m_Color: {r: 1, g: 1, b: 1, a: 1}
  m_Length: 1
  m_Child: {fileID: 0}
  m_ChildTransform: {fileID: 0}
  m_AttachedIK: {fileID: 0}
--- !u!114 &114728571022843280
MonoBehaviour:
  m_ObjectHideFlags: 1
  m_PrefabParentObject: {fileID: 0}
  m_PrefabInternal: {fileID: 100100000}
  m_GameObject: {fileID: 1542159051720146}
  m_Enabled: 1
  m_EditorHideFlags: 0
  m_Script: {fileID: 11500000, guid: 5ec17ceaa560940e9bf0dbeafc3a1971, type: 3}
  m_Name: 
  m_EditorClassIdentifier: 
  m_SpriteMesh: {fileID: 11400000, guid: d95f8a2c0459745b0a0f0d7b83377830, type: 2}
  m_Color: {r: 1, g: 1, b: 1, a: 1}
  m_Materials:
  - {fileID: 10754, guid: 0000000000000000f000000000000000, type: 0}
  m_SortingLayerID: 0
  m_SortingOrder: 6
  m_Bones: []
  m_BoneTransforms:
  - {fileID: 4738665018114842}
--- !u!114 &114729550626038438
MonoBehaviour:
  m_ObjectHideFlags: 1
  m_PrefabParentObject: {fileID: 0}
  m_PrefabInternal: {fileID: 100100000}
  m_GameObject: {fileID: 1085073644690080}
  m_Enabled: 1
  m_EditorHideFlags: 0
  m_Script: {fileID: 11500000, guid: 03b157d7625014c58bfbad3513f40289, type: 3}
  m_Name: 
  m_EditorClassIdentifier: 
  m_Color: {r: 1, g: 1, b: 1, a: 1}
  m_Length: 5
  m_Child: {fileID: 0}
  m_ChildTransform: {fileID: 0}
  m_AttachedIK: {fileID: 0}
--- !u!114 &114742721257157914
MonoBehaviour:
  m_ObjectHideFlags: 1
  m_PrefabParentObject: {fileID: 0}
  m_PrefabInternal: {fileID: 100100000}
  m_GameObject: {fileID: 1076857868576568}
  m_Enabled: 1
  m_EditorHideFlags: 0
  m_Script: {fileID: 11500000, guid: 5ec17ceaa560940e9bf0dbeafc3a1971, type: 3}
  m_Name: 
  m_EditorClassIdentifier: 
  m_SpriteMesh: {fileID: 11400000, guid: c531116e864a04da0b2a9b79b2b24550, type: 2}
  m_Color: {r: 1, g: 1, b: 1, a: 1}
  m_Materials:
  - {fileID: 10754, guid: 0000000000000000f000000000000000, type: 0}
  m_SortingLayerID: 0
  m_SortingOrder: 2
  m_Bones: []
  m_BoneTransforms:
  - {fileID: 4135433546728066}
  - {fileID: 4620702714638654}
  - {fileID: 4644130706402076}
  - {fileID: 4647450804767056}
--- !u!114 &114764726697418712
MonoBehaviour:
  m_ObjectHideFlags: 1
  m_PrefabParentObject: {fileID: 0}
  m_PrefabInternal: {fileID: 100100000}
  m_GameObject: {fileID: 1003795431887914}
  m_Enabled: 1
  m_EditorHideFlags: 0
  m_Script: {fileID: 11500000, guid: 5ec17ceaa560940e9bf0dbeafc3a1971, type: 3}
  m_Name: 
  m_EditorClassIdentifier: 
  m_SpriteMesh: {fileID: 11400000, guid: b1590944cfbbc472bb981acc1de2a4dc, type: 2}
  m_Color: {r: 1, g: 1, b: 1, a: 1}
  m_Materials:
  - {fileID: 10754, guid: 0000000000000000f000000000000000, type: 0}
  m_SortingLayerID: 0
  m_SortingOrder: 3
  m_Bones: []
  m_BoneTransforms:
  - {fileID: 4988028587958564}
  - {fileID: 4995639526263684}
--- !u!114 &114773805168074782
MonoBehaviour:
  m_ObjectHideFlags: 1
  m_PrefabParentObject: {fileID: 0}
  m_PrefabInternal: {fileID: 100100000}
  m_GameObject: {fileID: 1147918240658818}
  m_Enabled: 1
  m_EditorHideFlags: 0
  m_Script: {fileID: 11500000, guid: 03b157d7625014c58bfbad3513f40289, type: 3}
  m_Name: 
  m_EditorClassIdentifier: 
  m_Color: {r: 1, g: 1, b: 1, a: 1}
  m_Length: 3.1685143
  m_Child: {fileID: 0}
  m_ChildTransform: {fileID: 4586961276777856}
  m_AttachedIK: {fileID: 0}
--- !u!114 &114787895501756892
MonoBehaviour:
  m_ObjectHideFlags: 1
  m_PrefabParentObject: {fileID: 0}
  m_PrefabInternal: {fileID: 100100000}
  m_GameObject: {fileID: 1103315759227972}
  m_Enabled: 1
  m_EditorHideFlags: 0
  m_Script: {fileID: 11500000, guid: 03b157d7625014c58bfbad3513f40289, type: 3}
  m_Name: 
  m_EditorClassIdentifier: 
  m_Color: {r: 1, g: 1, b: 1, a: 1}
  m_Length: 2
  m_Child: {fileID: 0}
  m_ChildTransform: {fileID: 0}
  m_AttachedIK: {fileID: 0}
--- !u!114 &114803154378148846
MonoBehaviour:
  m_ObjectHideFlags: 1
  m_PrefabParentObject: {fileID: 0}
  m_PrefabInternal: {fileID: 100100000}
  m_GameObject: {fileID: 1729146885685306}
  m_Enabled: 1
  m_EditorHideFlags: 0
  m_Script: {fileID: 11500000, guid: 5ec17ceaa560940e9bf0dbeafc3a1971, type: 3}
  m_Name: 
  m_EditorClassIdentifier: 
  m_SpriteMesh: {fileID: 11400000, guid: c00500d3bf99f46e79aa068c5e3e3046, type: 2}
  m_Color: {r: 1, g: 1, b: 1, a: 1}
  m_Materials:
  - {fileID: 10754, guid: 0000000000000000f000000000000000, type: 0}
  m_SortingLayerID: 0
  m_SortingOrder: 0
  m_Bones: []
  m_BoneTransforms:
  - {fileID: 4065192346549552}
--- !u!114 &114815839448136438
MonoBehaviour:
  m_ObjectHideFlags: 1
  m_PrefabParentObject: {fileID: 0}
  m_PrefabInternal: {fileID: 100100000}
  m_GameObject: {fileID: 1109062289683458}
  m_Enabled: 1
  m_EditorHideFlags: 0
  m_Script: {fileID: 11500000, guid: 03b157d7625014c58bfbad3513f40289, type: 3}
  m_Name: 
  m_EditorClassIdentifier: 
  m_Color: {r: 1, g: 1, b: 1, a: 1}
  m_Length: 1.0000057
  m_Child: {fileID: 0}
  m_ChildTransform: {fileID: 0}
  m_AttachedIK: {fileID: 0}
--- !u!114 &114896791589821024
MonoBehaviour:
  m_ObjectHideFlags: 1
  m_PrefabParentObject: {fileID: 0}
  m_PrefabInternal: {fileID: 100100000}
  m_GameObject: {fileID: 1317190395524562}
  m_Enabled: 1
  m_EditorHideFlags: 0
  m_Script: {fileID: 11500000, guid: 5ec17ceaa560940e9bf0dbeafc3a1971, type: 3}
  m_Name: 
  m_EditorClassIdentifier: 
  m_SpriteMesh: {fileID: 11400000, guid: 6c1080e78112446d1836f66b58debc70, type: 2}
  m_Color: {r: 1, g: 1, b: 1, a: 1}
  m_Materials:
  - {fileID: 10754, guid: 0000000000000000f000000000000000, type: 0}
  m_SortingLayerID: 0
  m_SortingOrder: 3
  m_Bones: []
  m_BoneTransforms:
  - {fileID: 4314595873693656}
--- !u!114 &114911829242457796
MonoBehaviour:
  m_ObjectHideFlags: 1
  m_PrefabParentObject: {fileID: 0}
  m_PrefabInternal: {fileID: 100100000}
  m_GameObject: {fileID: 1553845636423674}
  m_Enabled: 1
  m_EditorHideFlags: 0
  m_Script: {fileID: 11500000, guid: 03b157d7625014c58bfbad3513f40289, type: 3}
  m_Name: 
  m_EditorClassIdentifier: 
  m_Color: {r: 1, g: 1, b: 1, a: 1}
  m_Length: 2.7157156
  m_Child: {fileID: 0}
  m_ChildTransform: {fileID: 4068848073219646}
  m_AttachedIK: {fileID: 0}
--- !u!114 &114931246591963058
MonoBehaviour:
  m_ObjectHideFlags: 1
  m_PrefabParentObject: {fileID: 0}
  m_PrefabInternal: {fileID: 100100000}
  m_GameObject: {fileID: 1525891459816070}
  m_Enabled: 1
  m_EditorHideFlags: 0
  m_Script: {fileID: 11500000, guid: 03b157d7625014c58bfbad3513f40289, type: 3}
  m_Name: 
  m_EditorClassIdentifier: 
  m_Color: {r: 1, g: 1, b: 1, a: 1}
  m_Length: 2.2723558
  m_Child: {fileID: 0}
  m_ChildTransform: {fileID: 4644130706402076}
  m_AttachedIK: {fileID: 0}
--- !u!114 &114934907648324328
MonoBehaviour:
  m_ObjectHideFlags: 1
  m_PrefabParentObject: {fileID: 0}
  m_PrefabInternal: {fileID: 100100000}
  m_GameObject: {fileID: 1280788417709022}
  m_Enabled: 1
  m_EditorHideFlags: 0
  m_Script: {fileID: 11500000, guid: 03b157d7625014c58bfbad3513f40289, type: 3}
  m_Name: 
  m_EditorClassIdentifier: 
  m_Color: {r: 1, g: 1, b: 1, a: 1}
  m_Length: 0.5
  m_Child: {fileID: 0}
  m_ChildTransform: {fileID: 0}
  m_AttachedIK: {fileID: 0}
--- !u!114 &114961648306526016
MonoBehaviour:
  m_ObjectHideFlags: 1
  m_PrefabParentObject: {fileID: 0}
  m_PrefabInternal: {fileID: 100100000}
  m_GameObject: {fileID: 1548068668670704}
  m_Enabled: 1
  m_EditorHideFlags: 0
  m_Script: {fileID: 11500000, guid: 03b157d7625014c58bfbad3513f40289, type: 3}
  m_Name: 
  m_EditorClassIdentifier: 
  m_Color: {r: 1, g: 1, b: 1, a: 1}
  m_Length: 2.2723553
  m_Child: {fileID: 0}
  m_ChildTransform: {fileID: 4829544513944012}
  m_AttachedIK: {fileID: 0}
--- !u!114 &114985796228349322
MonoBehaviour:
  m_ObjectHideFlags: 1
  m_PrefabParentObject: {fileID: 0}
  m_PrefabInternal: {fileID: 100100000}
  m_GameObject: {fileID: 1303885508855498}
  m_Enabled: 1
  m_EditorHideFlags: 0
  m_Script: {fileID: 11500000, guid: 03b157d7625014c58bfbad3513f40289, type: 3}
  m_Name: 
  m_EditorClassIdentifier: 
  m_Color: {r: 1, g: 1, b: 1, a: 1}
  m_Length: 0.5
  m_Child: {fileID: 0}
  m_ChildTransform: {fileID: 0}
  m_AttachedIK: {fileID: 0}
--- !u!137 &137015350432788474
SkinnedMeshRenderer:
  m_ObjectHideFlags: 1
  m_PrefabParentObject: {fileID: 0}
  m_PrefabInternal: {fileID: 100100000}
  m_GameObject: {fileID: 1956481608038186}
  m_Enabled: 1
  m_CastShadows: 1
  m_ReceiveShadows: 1
  m_DynamicOccludee: 1
  m_MotionVectors: 1
  m_LightProbeUsage: 1
  m_ReflectionProbeUsage: 1
  m_RenderingLayerMask: 4294967295
  m_Materials:
  - {fileID: 21365466351775020, guid: 3a00f8a07d78745379b5caa327879d23, type: 2}
  m_StaticBatchInfo:
    firstSubMesh: 0
    subMeshCount: 0
  m_StaticBatchRoot: {fileID: 0}
  m_ProbeAnchor: {fileID: 0}
  m_LightProbeVolumeOverride: {fileID: 0}
  m_ScaleInLightmap: 1
  m_PreserveUVs: 0
  m_IgnoreNormalsForChartDetection: 0
  m_ImportantGI: 0
  m_StitchLightmapSeams: 0
  m_SelectedEditorRenderState: 3
  m_MinimumChartSize: 4
  m_AutoUVMaxDistance: 0.5
  m_AutoUVMaxAngle: 89
  m_LightmapParameters: {fileID: 0}
  m_SortingLayerID: 0
  m_SortingLayer: 0
  m_SortingOrder: 5
  serializedVersion: 2
  m_Quality: 0
  m_UpdateWhenOffscreen: 0
  m_SkinnedMotionVectors: 1
  m_Mesh: {fileID: 43952944563369352, guid: 3a00f8a07d78745379b5caa327879d23, type: 2}
  m_Bones:
  - {fileID: 4643171298155938}
  m_BlendShapeWeights: []
  m_RootBone: {fileID: 4643171298155938}
  m_AABB:
    m_Center: {x: 0.36411762, y: -0.24048781, z: 0}
    m_Extent: {x: 1.76, y: 2.0600002, z: 0}
  m_DirtyAABB: 0
--- !u!137 &137068487708628194
SkinnedMeshRenderer:
  m_ObjectHideFlags: 1
  m_PrefabParentObject: {fileID: 0}
  m_PrefabInternal: {fileID: 100100000}
  m_GameObject: {fileID: 1388948186624594}
  m_Enabled: 1
  m_CastShadows: 1
  m_ReceiveShadows: 1
  m_DynamicOccludee: 1
  m_MotionVectors: 1
  m_LightProbeUsage: 1
  m_ReflectionProbeUsage: 1
  m_RenderingLayerMask: 4294967295
  m_Materials:
  - {fileID: 21098724402544506, guid: cdb37d5d53ab04de28138a4ba189527f, type: 2}
  m_StaticBatchInfo:
    firstSubMesh: 0
    subMeshCount: 0
  m_StaticBatchRoot: {fileID: 0}
  m_ProbeAnchor: {fileID: 0}
  m_LightProbeVolumeOverride: {fileID: 0}
  m_ScaleInLightmap: 1
  m_PreserveUVs: 0
  m_IgnoreNormalsForChartDetection: 0
  m_ImportantGI: 0
  m_StitchLightmapSeams: 0
  m_SelectedEditorRenderState: 3
  m_MinimumChartSize: 4
  m_AutoUVMaxDistance: 0.5
  m_AutoUVMaxAngle: 89
  m_LightmapParameters: {fileID: 0}
  m_SortingLayerID: 0
  m_SortingLayer: 0
  m_SortingOrder: 9
  serializedVersion: 2
  m_Quality: 0
  m_UpdateWhenOffscreen: 0
  m_SkinnedMotionVectors: 1
  m_Mesh: {fileID: 43331893933794688, guid: cdb37d5d53ab04de28138a4ba189527f, type: 2}
  m_Bones:
  - {fileID: 4463867025417412}
  m_BlendShapeWeights: []
  m_RootBone: {fileID: 4463867025417412}
  m_AABB:
    m_Center: {x: 1.2746937, y: -0.0067722797, z: 0}
    m_Extent: {x: 2.302048, y: 2.3125312, z: 0}
  m_DirtyAABB: 0
--- !u!137 &137072816752939850
SkinnedMeshRenderer:
  m_ObjectHideFlags: 1
  m_PrefabParentObject: {fileID: 0}
  m_PrefabInternal: {fileID: 100100000}
  m_GameObject: {fileID: 1467550609228172}
  m_Enabled: 1
  m_CastShadows: 1
  m_ReceiveShadows: 1
  m_DynamicOccludee: 1
  m_MotionVectors: 1
  m_LightProbeUsage: 1
  m_ReflectionProbeUsage: 1
  m_RenderingLayerMask: 4294967295
  m_Materials:
  - {fileID: 21882770865933656, guid: dcc9ba2165b6745e9937d8e57adc6f2f, type: 2}
  m_StaticBatchInfo:
    firstSubMesh: 0
    subMeshCount: 0
  m_StaticBatchRoot: {fileID: 0}
  m_ProbeAnchor: {fileID: 0}
  m_LightProbeVolumeOverride: {fileID: 0}
  m_ScaleInLightmap: 1
  m_PreserveUVs: 0
  m_IgnoreNormalsForChartDetection: 0
  m_ImportantGI: 0
  m_StitchLightmapSeams: 0
  m_SelectedEditorRenderState: 3
  m_MinimumChartSize: 4
  m_AutoUVMaxDistance: 0.5
  m_AutoUVMaxAngle: 89
  m_LightmapParameters: {fileID: 0}
  m_SortingLayerID: 0
  m_SortingLayer: 0
  m_SortingOrder: 8
  serializedVersion: 2
  m_Quality: 0
  m_UpdateWhenOffscreen: 0
  m_SkinnedMotionVectors: 1
  m_Mesh: {fileID: 43800525210566288, guid: dcc9ba2165b6745e9937d8e57adc6f2f, type: 2}
  m_Bones:
  - {fileID: 4030065217462550}
  m_BlendShapeWeights: []
  m_RootBone: {fileID: 4030065217462550}
  m_AABB:
    m_Center: {x: 0.053653136, y: 0.0034295097, z: 0}
    m_Extent: {x: 0.120882094, y: 0.11096298, z: 0}
  m_DirtyAABB: 0
--- !u!137 &137076016080194102
SkinnedMeshRenderer:
  m_ObjectHideFlags: 1
  m_PrefabParentObject: {fileID: 0}
  m_PrefabInternal: {fileID: 100100000}
  m_GameObject: {fileID: 1375696918082630}
  m_Enabled: 1
  m_CastShadows: 1
  m_ReceiveShadows: 1
  m_DynamicOccludee: 1
  m_MotionVectors: 1
  m_LightProbeUsage: 1
  m_ReflectionProbeUsage: 1
  m_RenderingLayerMask: 4294967295
  m_Materials:
  - {fileID: 21783364016574954, guid: 47ea4bb0c81e442b8aec806ed9af9450, type: 2}
  m_StaticBatchInfo:
    firstSubMesh: 0
    subMeshCount: 0
  m_StaticBatchRoot: {fileID: 0}
  m_ProbeAnchor: {fileID: 0}
  m_LightProbeVolumeOverride: {fileID: 0}
  m_ScaleInLightmap: 1
  m_PreserveUVs: 0
  m_IgnoreNormalsForChartDetection: 0
  m_ImportantGI: 0
  m_StitchLightmapSeams: 0
  m_SelectedEditorRenderState: 3
  m_MinimumChartSize: 4
  m_AutoUVMaxDistance: 0.5
  m_AutoUVMaxAngle: 89
  m_LightmapParameters: {fileID: 0}
  m_SortingLayerID: 0
  m_SortingLayer: 0
  m_SortingOrder: 3
  serializedVersion: 2
  m_Quality: 0
  m_UpdateWhenOffscreen: 0
  m_SkinnedMotionVectors: 1
  m_Mesh: {fileID: 43857630739282812, guid: 47ea4bb0c81e442b8aec806ed9af9450, type: 2}
  m_Bones:
  - {fileID: 4988465298293820}
  - {fileID: 4533791244941798}
  m_BlendShapeWeights: []
  m_RootBone: {fileID: 4988465298293820}
  m_AABB:
    m_Center: {x: 0.8490817, y: -0.53088176, z: 0}
    m_Extent: {x: 1.9971697, y: 1.1740876, z: 0}
  m_DirtyAABB: 0
--- !u!137 &137128747712183052
SkinnedMeshRenderer:
  m_ObjectHideFlags: 1
  m_PrefabParentObject: {fileID: 0}
  m_PrefabInternal: {fileID: 100100000}
  m_GameObject: {fileID: 1150128044476156}
  m_Enabled: 1
  m_CastShadows: 1
  m_ReceiveShadows: 1
  m_DynamicOccludee: 1
  m_MotionVectors: 1
  m_LightProbeUsage: 1
  m_ReflectionProbeUsage: 1
  m_RenderingLayerMask: 4294967295
  m_Materials:
  - {fileID: 21171005768701734, guid: 7fb8cf3c27d4049338bea7d98cb363d0, type: 2}
  m_StaticBatchInfo:
    firstSubMesh: 0
    subMeshCount: 0
  m_StaticBatchRoot: {fileID: 0}
  m_ProbeAnchor: {fileID: 0}
  m_LightProbeVolumeOverride: {fileID: 0}
  m_ScaleInLightmap: 1
  m_PreserveUVs: 0
  m_IgnoreNormalsForChartDetection: 0
  m_ImportantGI: 0
  m_StitchLightmapSeams: 0
  m_SelectedEditorRenderState: 3
  m_MinimumChartSize: 4
  m_AutoUVMaxDistance: 0.5
  m_AutoUVMaxAngle: 89
  m_LightmapParameters: {fileID: 0}
  m_SortingLayerID: 0
  m_SortingLayer: 0
  m_SortingOrder: 4
  serializedVersion: 2
  m_Quality: 0
  m_UpdateWhenOffscreen: 0
  m_SkinnedMotionVectors: 1
  m_Mesh: {fileID: 43597465228629884, guid: 7fb8cf3c27d4049338bea7d98cb363d0, type: 2}
  m_Bones:
  - {fileID: 4815301819383438}
  m_BlendShapeWeights: []
  m_RootBone: {fileID: 4815301819383438}
  m_AABB:
    m_Center: {x: 3.905509, y: 0.003549099, z: 0}
    m_Extent: {x: 4.436431, y: 1.9524398, z: 0}
  m_DirtyAABB: 0
--- !u!137 &137170508740609958
SkinnedMeshRenderer:
  m_ObjectHideFlags: 1
  m_PrefabParentObject: {fileID: 0}
  m_PrefabInternal: {fileID: 100100000}
  m_GameObject: {fileID: 1114987289430732}
  m_Enabled: 1
  m_CastShadows: 1
  m_ReceiveShadows: 1
  m_DynamicOccludee: 1
  m_MotionVectors: 1
  m_LightProbeUsage: 1
  m_ReflectionProbeUsage: 1
  m_RenderingLayerMask: 4294967295
  m_Materials:
  - {fileID: 21770310612913466, guid: 87552c9f9a51a45b88b0774afb6aa108, type: 2}
  m_StaticBatchInfo:
    firstSubMesh: 0
    subMeshCount: 0
  m_StaticBatchRoot: {fileID: 0}
  m_ProbeAnchor: {fileID: 0}
  m_LightProbeVolumeOverride: {fileID: 0}
  m_ScaleInLightmap: 1
  m_PreserveUVs: 0
  m_IgnoreNormalsForChartDetection: 0
  m_ImportantGI: 0
  m_StitchLightmapSeams: 0
  m_SelectedEditorRenderState: 3
  m_MinimumChartSize: 4
  m_AutoUVMaxDistance: 0.5
  m_AutoUVMaxAngle: 89
  m_LightmapParameters: {fileID: 0}
  m_SortingLayerID: 0
  m_SortingLayer: 0
  m_SortingOrder: 7
  serializedVersion: 2
  m_Quality: 0
  m_UpdateWhenOffscreen: 0
  m_SkinnedMotionVectors: 1
  m_Mesh: {fileID: 43394458929655426, guid: 87552c9f9a51a45b88b0774afb6aa108, type: 2}
  m_Bones:
  - {fileID: 4030065217462550}
  m_BlendShapeWeights: []
  m_RootBone: {fileID: 4030065217462550}
  m_AABB:
    m_Center: {x: 0.113732725, y: -0.051060155, z: 0}
    m_Extent: {x: 0.20987225, y: 0.18668553, z: 0}
  m_DirtyAABB: 0
--- !u!137 &137183793370468368
SkinnedMeshRenderer:
  m_ObjectHideFlags: 1
  m_PrefabParentObject: {fileID: 0}
  m_PrefabInternal: {fileID: 100100000}
  m_GameObject: {fileID: 1542159051720146}
  m_Enabled: 1
  m_CastShadows: 1
  m_ReceiveShadows: 1
  m_DynamicOccludee: 1
  m_MotionVectors: 1
  m_LightProbeUsage: 1
  m_ReflectionProbeUsage: 1
  m_RenderingLayerMask: 4294967295
  m_Materials:
  - {fileID: 21744761559329948, guid: d95f8a2c0459745b0a0f0d7b83377830, type: 2}
  m_StaticBatchInfo:
    firstSubMesh: 0
    subMeshCount: 0
  m_StaticBatchRoot: {fileID: 0}
  m_ProbeAnchor: {fileID: 0}
  m_LightProbeVolumeOverride: {fileID: 0}
  m_ScaleInLightmap: 1
  m_PreserveUVs: 0
  m_IgnoreNormalsForChartDetection: 0
  m_ImportantGI: 0
  m_StitchLightmapSeams: 0
  m_SelectedEditorRenderState: 3
  m_MinimumChartSize: 4
  m_AutoUVMaxDistance: 0.5
  m_AutoUVMaxAngle: 89
  m_LightmapParameters: {fileID: 0}
  m_SortingLayerID: 0
  m_SortingLayer: 0
  m_SortingOrder: 6
  serializedVersion: 2
  m_Quality: 0
  m_UpdateWhenOffscreen: 0
  m_SkinnedMotionVectors: 1
  m_Mesh: {fileID: 43447391962008740, guid: d95f8a2c0459745b0a0f0d7b83377830, type: 2}
  m_Bones:
  - {fileID: 4738665018114842}
  m_BlendShapeWeights: []
  m_RootBone: {fileID: 4738665018114842}
  m_AABB:
    m_Center: {x: -0.0018062294, y: 0.37379628, z: 0}
    m_Extent: {x: 0.48703253, y: 0.9887541, z: 0}
  m_DirtyAABB: 0
--- !u!137 &137190934714331000
SkinnedMeshRenderer:
  m_ObjectHideFlags: 1
  m_PrefabParentObject: {fileID: 0}
  m_PrefabInternal: {fileID: 100100000}
  m_GameObject: {fileID: 1317190395524562}
  m_Enabled: 1
  m_CastShadows: 1
  m_ReceiveShadows: 1
  m_DynamicOccludee: 1
  m_MotionVectors: 1
  m_LightProbeUsage: 1
  m_ReflectionProbeUsage: 1
  m_RenderingLayerMask: 4294967295
  m_Materials:
  - {fileID: 21908735761125180, guid: 6c1080e78112446d1836f66b58debc70, type: 2}
  m_StaticBatchInfo:
    firstSubMesh: 0
    subMeshCount: 0
  m_StaticBatchRoot: {fileID: 0}
  m_ProbeAnchor: {fileID: 0}
  m_LightProbeVolumeOverride: {fileID: 0}
  m_ScaleInLightmap: 1
  m_PreserveUVs: 0
  m_IgnoreNormalsForChartDetection: 0
  m_ImportantGI: 0
  m_StitchLightmapSeams: 0
  m_SelectedEditorRenderState: 3
  m_MinimumChartSize: 4
  m_AutoUVMaxDistance: 0.5
  m_AutoUVMaxAngle: 89
  m_LightmapParameters: {fileID: 0}
  m_SortingLayerID: 0
  m_SortingLayer: 0
  m_SortingOrder: 3
  serializedVersion: 2
  m_Quality: 0
  m_UpdateWhenOffscreen: 0
  m_SkinnedMotionVectors: 1
  m_Mesh: {fileID: 43335141559570372, guid: 6c1080e78112446d1836f66b58debc70, type: 2}
  m_Bones:
  - {fileID: 4314595873693656}
  m_BlendShapeWeights: []
  m_RootBone: {fileID: 4314595873693656}
  m_AABB:
    m_Center: {x: 2.7172475, y: 0.32564807, z: 0}
    m_Extent: {x: 3.7055898, y: 2.359644, z: 0}
  m_DirtyAABB: 0
--- !u!137 &137236368989860408
SkinnedMeshRenderer:
  m_ObjectHideFlags: 1
  m_PrefabParentObject: {fileID: 0}
  m_PrefabInternal: {fileID: 100100000}
  m_GameObject: {fileID: 1197258666020114}
  m_Enabled: 1
  m_CastShadows: 1
  m_ReceiveShadows: 1
  m_DynamicOccludee: 1
  m_MotionVectors: 1
  m_LightProbeUsage: 1
  m_ReflectionProbeUsage: 1
  m_RenderingLayerMask: 4294967295
  m_Materials:
  - {fileID: 21504182326419558, guid: 691e5eb4e9cd345c5a92c64cfb2ab73a, type: 2}
  m_StaticBatchInfo:
    firstSubMesh: 0
    subMeshCount: 0
  m_StaticBatchRoot: {fileID: 0}
  m_ProbeAnchor: {fileID: 0}
  m_LightProbeVolumeOverride: {fileID: 0}
  m_ScaleInLightmap: 1
  m_PreserveUVs: 0
  m_IgnoreNormalsForChartDetection: 0
  m_ImportantGI: 0
  m_StitchLightmapSeams: 0
  m_SelectedEditorRenderState: 3
  m_MinimumChartSize: 4
  m_AutoUVMaxDistance: 0.5
  m_AutoUVMaxAngle: 89
  m_LightmapParameters: {fileID: 0}
  m_SortingLayerID: 0
  m_SortingLayer: 0
  m_SortingOrder: 1
  serializedVersion: 2
  m_Quality: 0
  m_UpdateWhenOffscreen: 0
  m_SkinnedMotionVectors: 1
  m_Mesh: {fileID: 43913168079502290, guid: 691e5eb4e9cd345c5a92c64cfb2ab73a, type: 2}
  m_Bones:
  - {fileID: 4065192346549552}
  m_BlendShapeWeights: []
  m_RootBone: {fileID: 4065192346549552}
  m_AABB:
    m_Center: {x: 8.898807, y: -0.30622303, z: 0}
    m_Extent: {x: 3.4303799, y: 1.5009118, z: 0}
  m_DirtyAABB: 0
--- !u!137 &137369695822544566
SkinnedMeshRenderer:
  m_ObjectHideFlags: 1
  m_PrefabParentObject: {fileID: 0}
  m_PrefabInternal: {fileID: 100100000}
  m_GameObject: {fileID: 1076857868576568}
  m_Enabled: 1
  m_CastShadows: 1
  m_ReceiveShadows: 1
  m_DynamicOccludee: 1
  m_MotionVectors: 1
  m_LightProbeUsage: 1
  m_ReflectionProbeUsage: 1
  m_RenderingLayerMask: 4294967295
  m_Materials:
  - {fileID: 21546214196160848, guid: c531116e864a04da0b2a9b79b2b24550, type: 2}
  m_StaticBatchInfo:
    firstSubMesh: 0
    subMeshCount: 0
  m_StaticBatchRoot: {fileID: 0}
  m_ProbeAnchor: {fileID: 0}
  m_LightProbeVolumeOverride: {fileID: 0}
  m_ScaleInLightmap: 1
  m_PreserveUVs: 0
  m_IgnoreNormalsForChartDetection: 0
  m_ImportantGI: 0
  m_StitchLightmapSeams: 0
  m_SelectedEditorRenderState: 3
  m_MinimumChartSize: 4
  m_AutoUVMaxDistance: 0.5
  m_AutoUVMaxAngle: 89
  m_LightmapParameters: {fileID: 0}
  m_SortingLayerID: 0
  m_SortingLayer: 0
  m_SortingOrder: 2
  serializedVersion: 2
  m_Quality: 0
  m_UpdateWhenOffscreen: 0
  m_SkinnedMotionVectors: 1
  m_Mesh: {fileID: 43696605691204868, guid: c531116e864a04da0b2a9b79b2b24550, type: 2}
  m_Bones:
  - {fileID: 4135433546728066}
  - {fileID: 4620702714638654}
  - {fileID: 4644130706402076}
  - {fileID: 4647450804767056}
  m_BlendShapeWeights: []
  m_RootBone: {fileID: 4135433546728066}
  m_AABB:
    m_Center: {x: 0.6490289, y: 1.9324512, z: 0}
    m_Extent: {x: 4.5287213, y: 6.21436, z: 0}
  m_DirtyAABB: 0
--- !u!137 &137482410084188984
SkinnedMeshRenderer:
  m_ObjectHideFlags: 1
  m_PrefabParentObject: {fileID: 0}
  m_PrefabInternal: {fileID: 100100000}
  m_GameObject: {fileID: 1602983032631714}
  m_Enabled: 1
  m_CastShadows: 1
  m_ReceiveShadows: 1
  m_DynamicOccludee: 1
  m_MotionVectors: 1
  m_LightProbeUsage: 1
  m_ReflectionProbeUsage: 1
  m_RenderingLayerMask: 4294967295
  m_Materials:
  - {fileID: 21629862730466878, guid: 22e38359ba6f649bc978d9f05a01bc02, type: 2}
  m_StaticBatchInfo:
    firstSubMesh: 0
    subMeshCount: 0
  m_StaticBatchRoot: {fileID: 0}
  m_ProbeAnchor: {fileID: 0}
  m_LightProbeVolumeOverride: {fileID: 0}
  m_ScaleInLightmap: 1
  m_PreserveUVs: 0
  m_IgnoreNormalsForChartDetection: 0
  m_ImportantGI: 0
  m_StitchLightmapSeams: 0
  m_SelectedEditorRenderState: 3
  m_MinimumChartSize: 4
  m_AutoUVMaxDistance: 0.5
  m_AutoUVMaxAngle: 89
  m_LightmapParameters: {fileID: 0}
  m_SortingLayerID: 0
  m_SortingLayer: 0
  m_SortingOrder: 8
  serializedVersion: 2
  m_Quality: 0
  m_UpdateWhenOffscreen: 0
  m_SkinnedMotionVectors: 1
  m_Mesh: {fileID: 43421094508539110, guid: 22e38359ba6f649bc978d9f05a01bc02, type: 2}
  m_Bones:
  - {fileID: 4804904255626174}
  m_BlendShapeWeights: []
  m_RootBone: {fileID: 4804904255626174}
  m_AABB:
    m_Center: {x: 0.013355784, y: 0.020970631, z: 0}
    m_Extent: {x: 0.11088247, y: 0.110882476, z: 0}
  m_DirtyAABB: 0
--- !u!137 &137524229023774598
SkinnedMeshRenderer:
  m_ObjectHideFlags: 1
  m_PrefabParentObject: {fileID: 0}
  m_PrefabInternal: {fileID: 100100000}
  m_GameObject: {fileID: 1399743595098314}
  m_Enabled: 1
  m_CastShadows: 1
  m_ReceiveShadows: 1
  m_DynamicOccludee: 1
  m_MotionVectors: 1
  m_LightProbeUsage: 1
  m_ReflectionProbeUsage: 1
  m_RenderingLayerMask: 4294967295
  m_Materials:
  - {fileID: 21851186279349678, guid: 9a9f7115111244634bdb87996f8ba6eb, type: 2}
  m_StaticBatchInfo:
    firstSubMesh: 0
    subMeshCount: 0
  m_StaticBatchRoot: {fileID: 0}
  m_ProbeAnchor: {fileID: 0}
  m_LightProbeVolumeOverride: {fileID: 0}
  m_ScaleInLightmap: 1
  m_PreserveUVs: 0
  m_IgnoreNormalsForChartDetection: 0
  m_ImportantGI: 0
  m_StitchLightmapSeams: 0
  m_SelectedEditorRenderState: 3
  m_MinimumChartSize: 4
  m_AutoUVMaxDistance: 0.5
  m_AutoUVMaxAngle: 89
  m_LightmapParameters: {fileID: 0}
  m_SortingLayerID: 0
  m_SortingLayer: 0
  m_SortingOrder: 7
  serializedVersion: 2
  m_Quality: 0
  m_UpdateWhenOffscreen: 0
  m_SkinnedMotionVectors: 1
  m_Mesh: {fileID: 43316976621238036, guid: 9a9f7115111244634bdb87996f8ba6eb, type: 2}
  m_Bones:
  - {fileID: 4804904255626174}
  m_BlendShapeWeights: []
  m_RootBone: {fileID: 4804904255626174}
  m_AABB:
    m_Center: {x: 0.08377206, y: 0.07321058, z: 0}
    m_Extent: {x: 0.20140311, y: 0.17507486, z: 0}
  m_DirtyAABB: 0
--- !u!137 &137655461432395286
SkinnedMeshRenderer:
  m_ObjectHideFlags: 1
  m_PrefabParentObject: {fileID: 0}
  m_PrefabInternal: {fileID: 100100000}
  m_GameObject: {fileID: 1003795431887914}
  m_Enabled: 1
  m_CastShadows: 1
  m_ReceiveShadows: 1
  m_DynamicOccludee: 1
  m_MotionVectors: 1
  m_LightProbeUsage: 1
  m_ReflectionProbeUsage: 1
  m_RenderingLayerMask: 4294967295
  m_Materials:
  - {fileID: 21539198076481368, guid: b1590944cfbbc472bb981acc1de2a4dc, type: 2}
  m_StaticBatchInfo:
    firstSubMesh: 0
    subMeshCount: 0
  m_StaticBatchRoot: {fileID: 0}
  m_ProbeAnchor: {fileID: 0}
  m_LightProbeVolumeOverride: {fileID: 0}
  m_ScaleInLightmap: 1
  m_PreserveUVs: 0
  m_IgnoreNormalsForChartDetection: 0
  m_ImportantGI: 0
  m_StitchLightmapSeams: 0
  m_SelectedEditorRenderState: 3
  m_MinimumChartSize: 4
  m_AutoUVMaxDistance: 0.5
  m_AutoUVMaxAngle: 89
  m_LightmapParameters: {fileID: 0}
  m_SortingLayerID: 0
  m_SortingLayer: 0
  m_SortingOrder: 3
  serializedVersion: 2
  m_Quality: 0
  m_UpdateWhenOffscreen: 0
  m_SkinnedMotionVectors: 1
  m_Mesh: {fileID: 43758624154961306, guid: b1590944cfbbc472bb981acc1de2a4dc, type: 2}
  m_Bones:
  - {fileID: 4988028587958564}
  - {fileID: 4995639526263684}
  m_BlendShapeWeights: []
  m_RootBone: {fileID: 4988028587958564}
  m_AABB:
    m_Center: {x: 0.8677971, y: 0.26940298, z: 0}
    m_Extent: {x: 1.9663296, y: 1.3033979, z: 0}
  m_DirtyAABB: 0
--- !u!137 &137714914988086228
SkinnedMeshRenderer:
  m_ObjectHideFlags: 1
  m_PrefabParentObject: {fileID: 0}
  m_PrefabInternal: {fileID: 100100000}
  m_GameObject: {fileID: 1547106070336874}
  m_Enabled: 1
  m_CastShadows: 1
  m_ReceiveShadows: 1
  m_DynamicOccludee: 1
  m_MotionVectors: 1
  m_LightProbeUsage: 1
  m_ReflectionProbeUsage: 1
  m_RenderingLayerMask: 4294967295
  m_Materials:
  - {fileID: 21954473292919588, guid: b7f9dc4b500584c08a0c1c27743a5209, type: 2}
  m_StaticBatchInfo:
    firstSubMesh: 0
    subMeshCount: 0
  m_StaticBatchRoot: {fileID: 0}
  m_ProbeAnchor: {fileID: 0}
  m_LightProbeVolumeOverride: {fileID: 0}
  m_ScaleInLightmap: 1
  m_PreserveUVs: 0
  m_IgnoreNormalsForChartDetection: 0
  m_ImportantGI: 0
  m_StitchLightmapSeams: 0
  m_SelectedEditorRenderState: 3
  m_MinimumChartSize: 4
  m_AutoUVMaxDistance: 0.5
  m_AutoUVMaxAngle: 89
  m_LightmapParameters: {fileID: 0}
  m_SortingLayerID: 0
  m_SortingLayer: 0
  m_SortingOrder: 3
  serializedVersion: 2
  m_Quality: 0
  m_UpdateWhenOffscreen: 0
  m_SkinnedMotionVectors: 1
  m_Mesh: {fileID: 43435791105134258, guid: b7f9dc4b500584c08a0c1c27743a5209, type: 2}
  m_Bones:
  - {fileID: 4921913088197576}
  m_BlendShapeWeights: []
  m_RootBone: {fileID: 4921913088197576}
  m_AABB:
    m_Center: {x: 2.748038, y: -0.35750246, z: 0}
    m_Extent: {x: 3.7274048, y: 2.4245548, z: 0}
  m_DirtyAABB: 0
--- !u!137 &137801241528954246
SkinnedMeshRenderer:
  m_ObjectHideFlags: 1
  m_PrefabParentObject: {fileID: 0}
  m_PrefabInternal: {fileID: 100100000}
  m_GameObject: {fileID: 1031738839814454}
  m_Enabled: 1
  m_CastShadows: 1
  m_ReceiveShadows: 1
  m_DynamicOccludee: 1
  m_MotionVectors: 1
  m_LightProbeUsage: 1
  m_ReflectionProbeUsage: 1
  m_RenderingLayerMask: 4294967295
  m_Materials:
  - {fileID: 21698523877724362, guid: 19f2d946ee3be4c23a70ec36c8f4f46d, type: 2}
  m_StaticBatchInfo:
    firstSubMesh: 0
    subMeshCount: 0
  m_StaticBatchRoot: {fileID: 0}
  m_ProbeAnchor: {fileID: 0}
  m_LightProbeVolumeOverride: {fileID: 0}
  m_ScaleInLightmap: 1
  m_PreserveUVs: 0
  m_IgnoreNormalsForChartDetection: 0
  m_ImportantGI: 0
  m_StitchLightmapSeams: 0
  m_SelectedEditorRenderState: 3
  m_MinimumChartSize: 4
  m_AutoUVMaxDistance: 0.5
  m_AutoUVMaxAngle: 89
  m_LightmapParameters: {fileID: 0}
  m_SortingLayerID: 0
  m_SortingLayer: 0
  m_SortingOrder: 2
  serializedVersion: 2
  m_Quality: 0
  m_UpdateWhenOffscreen: 0
  m_SkinnedMotionVectors: 1
  m_Mesh: {fileID: 43654987602787770, guid: 19f2d946ee3be4c23a70ec36c8f4f46d, type: 2}
  m_Bones:
  - {fileID: 4947329049369934}
  - {fileID: 4068848073219646}
  - {fileID: 4829544513944012}
  - {fileID: 4586961276777856}
  m_BlendShapeWeights: []
  m_RootBone: {fileID: 4947329049369934}
  m_AABB:
    m_Center: {x: 1.4229915, y: -2.4193277, z: 0}
    m_Extent: {x: 3.3496792, y: 5.606243, z: 0}
  m_DirtyAABB: 0
--- !u!137 &137899729458941764
SkinnedMeshRenderer:
  m_ObjectHideFlags: 1
  m_PrefabParentObject: {fileID: 0}
  m_PrefabInternal: {fileID: 100100000}
  m_GameObject: {fileID: 1729146885685306}
  m_Enabled: 1
  m_CastShadows: 1
  m_ReceiveShadows: 1
  m_DynamicOccludee: 1
  m_MotionVectors: 1
  m_LightProbeUsage: 1
  m_ReflectionProbeUsage: 1
  m_RenderingLayerMask: 4294967295
  m_Materials:
  - {fileID: 21893968753739272, guid: c00500d3bf99f46e79aa068c5e3e3046, type: 2}
  m_StaticBatchInfo:
    firstSubMesh: 0
    subMeshCount: 0
  m_StaticBatchRoot: {fileID: 0}
  m_ProbeAnchor: {fileID: 0}
  m_LightProbeVolumeOverride: {fileID: 0}
  m_ScaleInLightmap: 1
  m_PreserveUVs: 0
  m_IgnoreNormalsForChartDetection: 0
  m_ImportantGI: 0
  m_StitchLightmapSeams: 0
  m_SelectedEditorRenderState: 3
  m_MinimumChartSize: 4
  m_AutoUVMaxDistance: 0.5
  m_AutoUVMaxAngle: 89
  m_LightmapParameters: {fileID: 0}
  m_SortingLayerID: 0
  m_SortingLayer: 0
  m_SortingOrder: 0
  serializedVersion: 2
  m_Quality: 0
  m_UpdateWhenOffscreen: 0
  m_SkinnedMotionVectors: 1
  m_Mesh: {fileID: 43908044333082066, guid: c00500d3bf99f46e79aa068c5e3e3046, type: 2}
  m_Bones:
  - {fileID: 4065192346549552}
  m_BlendShapeWeights: []
  m_RootBone: {fileID: 4065192346549552}
  m_AABB:
    m_Center: {x: 1.8542521, y: -0.38670492, z: 0}
    m_Extent: {x: 3.2538478, y: 2.6541133, z: 0}
  m_DirtyAABB: 0
