%YAML 1.1
%TAG !u! tag:unity3d.com,2011:
--- !u!29 &1
OcclusionCullingSettings:
  m_ObjectHideFlags: 0
  serializedVersion: 2
  m_OcclusionBakeSettings:
    smallestOccluder: 5
    smallestHole: 0.25
    backfaceThreshold: 100
  m_SceneGUID: 00000000000000000000000000000000
  m_OcclusionCullingData: {fileID: 0}
--- !u!104 &2
RenderSettings:
  m_ObjectHideFlags: 0
  serializedVersion: 8
  m_Fog: 0
  m_FogColor: {r: 0.5, g: 0.5, b: 0.5, a: 1}
  m_FogMode: 3
  m_FogDensity: 0.01
  m_LinearFogStart: 0
  m_LinearFogEnd: 300
  m_AmbientSkyColor: {r: 0.212, g: 0.227, b: 0.259, a: 1}
  m_AmbientEquatorColor: {r: 0.114, g: 0.125, b: 0.133, a: 1}
  m_AmbientGroundColor: {r: 0.047, g: 0.043, b: 0.035, a: 1}
  m_AmbientIntensity: 1
  m_AmbientMode: 0
  m_SubtractiveShadowColor: {r: 0.42, g: 0.478, b: 0.627, a: 1}
  m_SkyboxMaterial: {fileID: 10304, guid: 0000000000000000f000000000000000, type: 0}
  m_HaloStrength: 0.5
  m_FlareStrength: 1
  m_FlareFadeSpeed: 3
  m_HaloTexture: {fileID: 0}
  m_SpotCookie: {fileID: 10001, guid: 0000000000000000e000000000000000, type: 0}
  m_DefaultReflectionMode: 0
  m_DefaultReflectionResolution: 128
  m_ReflectionBounces: 1
  m_ReflectionIntensity: 1
  m_CustomReflection: {fileID: 0}
  m_Sun: {fileID: 0}
  m_IndirectSpecularColor: {r: 0, g: 0, b: 0, a: 1}
--- !u!157 &3
LightmapSettings:
  m_ObjectHideFlags: 0
  serializedVersion: 9
  m_GIWorkflowMode: 0
  m_GISettings:
    serializedVersion: 2
    m_BounceScale: 1
    m_IndirectOutputScale: 1
    m_AlbedoBoost: 1
    m_TemporalCoherenceThreshold: 1
    m_EnvironmentLightingMode: 0
    m_EnableBakedLightmaps: 1
    m_EnableRealtimeLightmaps: 1
  m_LightmapEditorSettings:
    serializedVersion: 8
    m_Resolution: 2
    m_BakeResolution: 40
    m_TextureWidth: 1024
    m_TextureHeight: 1024
    m_AO: 0
    m_AOMaxDistance: 1
    m_CompAOExponent: 1
    m_CompAOExponentDirect: 0
    m_Padding: 2
    m_LightmapParameters: {fileID: 0}
    m_LightmapsBakeMode: 1
    m_TextureCompression: 1
    m_FinalGather: 0
    m_FinalGatherFiltering: 1
    m_FinalGatherRayCount: 256
    m_ReflectionCompression: 2
    m_MixedBakeMode: 3
    m_BakeBackend: 0
    m_PVRSampling: 1
    m_PVRDirectSampleCount: 32
    m_PVRSampleCount: 500
    m_PVRBounces: 2
    m_PVRFiltering: 0
    m_PVRFilteringMode: 1
    m_PVRCulling: 1
    m_PVRFilteringGaussRadiusDirect: 1
    m_PVRFilteringGaussRadiusIndirect: 5
    m_PVRFilteringGaussRadiusAO: 2
    m_PVRFilteringAtrousColorSigma: 1
    m_PVRFilteringAtrousNormalSigma: 1
    m_PVRFilteringAtrousPositionSigma: 1
  m_LightingDataAsset: {fileID: 0}
  m_ShadowMaskMode: 2
--- !u!196 &4
NavMeshSettings:
  serializedVersion: 2
  m_ObjectHideFlags: 0
  m_BuildSettings:
    serializedVersion: 2
    agentTypeID: 0
    agentRadius: 0.5
    agentHeight: 2
    agentSlope: 45
    agentClimb: 0.4
    ledgeDropHeight: 0
    maxJumpAcrossDistance: 0
    minRegionArea: 2
    manualCellSize: 0
    cellSize: 0.16666667
    manualTileSize: 0
    tileSize: 256
    accuratePlacement: 0
  m_NavMeshData: {fileID: 0}
--- !u!1 &32738062
GameObject:
  m_ObjectHideFlags: 0
  m_PrefabParentObject: {fileID: 1580839132574470, guid: d045b9339ddbc9f4c9c0516d8d31c6d1,
    type: 2}
  m_PrefabInternal: {fileID: 236960884}
  serializedVersion: 5
  m_Component:
  - component: {fileID: 32738063}
  - component: {fileID: 32738065}
  - component: {fileID: 32738064}
  m_Layer: 0
  m_Name: Dragonbaby_2
  m_TagString: Untagged
  m_Icon: {fileID: 0}
  m_NavMeshLayer: 0
  m_StaticEditorFlags: 0
  m_IsActive: 1
--- !u!4 &32738063
Transform:
  m_ObjectHideFlags: 0
  m_PrefabParentObject: {fileID: 4233910727753838, guid: d045b9339ddbc9f4c9c0516d8d31c6d1,
    type: 2}
  m_PrefabInternal: {fileID: 236960884}
  m_GameObject: {fileID: 32738062}
  m_LocalRotation: {x: -0, y: -0, z: -0, w: 1}
  m_LocalPosition: {x: -1.27, y: -3.84, z: 0}
  m_LocalScale: {x: 1, y: 1, z: 1}
  m_Children: []
  m_Father: {fileID: 135196840}
  m_RootOrder: 2
  m_LocalEulerAnglesHint: {x: 0, y: 0, z: 0}
--- !u!137 &32738064
SkinnedMeshRenderer:
  m_ObjectHideFlags: 0
  m_PrefabParentObject: {fileID: 137144512684051096, guid: d045b9339ddbc9f4c9c0516d8d31c6d1,
    type: 2}
  m_PrefabInternal: {fileID: 236960884}
  m_GameObject: {fileID: 32738062}
  m_Enabled: 1
  m_CastShadows: 1
  m_ReceiveShadows: 1
  m_MotionVectors: 1
  m_LightProbeUsage: 1
  m_ReflectionProbeUsage: 1
  m_Materials:
  - {fileID: 21812088963431158, guid: 8750ff8ae3396ec47a87d9a33b4dcb46, type: 2}
  m_StaticBatchInfo:
    firstSubMesh: 0
    subMeshCount: 0
  m_StaticBatchRoot: {fileID: 0}
  m_ProbeAnchor: {fileID: 0}
  m_LightProbeVolumeOverride: {fileID: 0}
  m_ScaleInLightmap: 1
  m_PreserveUVs: 0
  m_IgnoreNormalsForChartDetection: 0
  m_ImportantGI: 0
  m_SelectedEditorRenderState: 3
  m_MinimumChartSize: 4
  m_AutoUVMaxDistance: 0.5
  m_AutoUVMaxAngle: 89
  m_LightmapParameters: {fileID: 0}
  m_SortingLayerID: 0
  m_SortingLayer: 0
  m_SortingOrder: 0
  serializedVersion: 2
  m_Quality: 0
  m_UpdateWhenOffscreen: 0
  m_SkinnedMotionVectors: 1
  m_Mesh: {fileID: 0}
  m_Bones:
  - {fileID: 1894998371}
  m_BlendShapeWeights: []
  m_RootBone: {fileID: 1894998371}
  m_AABB:
    m_Center: {x: 0.70345074, y: 0.113633275, z: 0}
    m_Extent: {x: 0.74904734, y: 1.0664891, z: 0}
  m_DirtyAABB: 0
--- !u!114 &32738065
MonoBehaviour:
  m_ObjectHideFlags: 0
  m_PrefabParentObject: {fileID: 114654523623217908, guid: d045b9339ddbc9f4c9c0516d8d31c6d1,
    type: 2}
  m_PrefabInternal: {fileID: 236960884}
  m_GameObject: {fileID: 32738062}
  m_Enabled: 1
  m_EditorHideFlags: 0
  m_Script: {fileID: 11500000, guid: 5ec17ceaa560940e9bf0dbeafc3a1971, type: 3}
  m_Name: 
  m_EditorClassIdentifier: 
  m_SpriteMesh: {fileID: 11400000, guid: 8750ff8ae3396ec47a87d9a33b4dcb46, type: 2}
  m_Color: {r: 1, g: 1, b: 1, a: 1}
  m_Materials:
  - {fileID: 10754, guid: 0000000000000000f000000000000000, type: 0}
  m_SortingLayerID: 0
  m_SortingOrder: 0
  m_Bones: []
  m_BoneTransforms:
  - {fileID: 1894998371}
--- !u!1 &36015964
GameObject:
  m_ObjectHideFlags: 0
  m_PrefabParentObject: {fileID: 0}
  m_PrefabInternal: {fileID: 0}
  serializedVersion: 5
  m_Component:
  - component: {fileID: 36015969}
  - component: {fileID: 36015968}
  - component: {fileID: 36015967}
  - component: {fileID: 36015966}
  - component: {fileID: 36015965}
  m_Layer: 0
  m_Name: Main Camera
  m_TagString: MainCamera
  m_Icon: {fileID: 0}
  m_NavMeshLayer: 0
  m_StaticEditorFlags: 0
  m_IsActive: 1
--- !u!81 &36015965
AudioListener:
  m_ObjectHideFlags: 0
  m_PrefabParentObject: {fileID: 0}
  m_PrefabInternal: {fileID: 0}
  m_GameObject: {fileID: 36015964}
  m_Enabled: 1
--- !u!124 &36015966
Behaviour:
  m_ObjectHideFlags: 0
  m_PrefabParentObject: {fileID: 0}
  m_PrefabInternal: {fileID: 0}
  m_GameObject: {fileID: 36015964}
  m_Enabled: 1
--- !u!92 &36015967
Behaviour:
  m_ObjectHideFlags: 0
  m_PrefabParentObject: {fileID: 0}
  m_PrefabInternal: {fileID: 0}
  m_GameObject: {fileID: 36015964}
  m_Enabled: 1
--- !u!20 &36015968
Camera:
  m_ObjectHideFlags: 0
  m_PrefabParentObject: {fileID: 0}
  m_PrefabInternal: {fileID: 0}
  m_GameObject: {fileID: 36015964}
  m_Enabled: 1
  serializedVersion: 2
  m_ClearFlags: 1
  m_BackGroundColor: {r: 0.19215687, g: 0.3019608, b: 0.4745098, a: 0}
  m_NormalizedViewPortRect:
    serializedVersion: 2
    x: 0
    y: 0
    width: 1
    height: 1
  near clip plane: 0.3
  far clip plane: 1000
  field of view: 60
  orthographic: 0
  orthographic size: 5
  m_Depth: -1
  m_CullingMask:
    serializedVersion: 2
    m_Bits: 4294967295
  m_RenderingPath: -1
  m_TargetTexture: {fileID: 0}
  m_TargetDisplay: 0
  m_TargetEye: 3
  m_HDR: 1
  m_AllowMSAA: 1
  m_ForceIntoRT: 0
  m_OcclusionCulling: 1
  m_StereoConvergence: 10
  m_StereoSeparation: 0.022
  m_StereoMirrorMode: 0
--- !u!4 &36015969
Transform:
  m_ObjectHideFlags: 0
  m_PrefabParentObject: {fileID: 0}
  m_PrefabInternal: {fileID: 0}
  m_GameObject: {fileID: 36015964}
  m_LocalRotation: {x: 0, y: 0, z: 0, w: 1}
  m_LocalPosition: {x: 0, y: 1, z: -10}
  m_LocalScale: {x: 1, y: 1, z: 1}
  m_Children: []
  m_Father: {fileID: 0}
  m_RootOrder: 0
  m_LocalEulerAnglesHint: {x: 0, y: 0, z: 0}
--- !u!1 &135196839
GameObject:
  m_ObjectHideFlags: 0
  m_PrefabParentObject: {fileID: 1189208539383980, guid: d045b9339ddbc9f4c9c0516d8d31c6d1,
    type: 2}
  m_PrefabInternal: {fileID: 236960884}
  serializedVersion: 5
  m_Component:
  - component: {fileID: 135196840}
  m_Layer: 0
  m_Name: Body
  m_TagString: Untagged
  m_Icon: {fileID: 0}
  m_NavMeshLayer: 0
  m_StaticEditorFlags: 0
  m_IsActive: 1
--- !u!4 &135196840
Transform:
  m_ObjectHideFlags: 0
  m_PrefabParentObject: {fileID: 4114662169308270, guid: d045b9339ddbc9f4c9c0516d8d31c6d1,
    type: 2}
  m_PrefabInternal: {fileID: 236960884}
  m_GameObject: {fileID: 135196839}
  m_LocalRotation: {x: 0, y: 0, z: 0, w: 1}
  m_LocalPosition: {x: 0, y: 0, z: 0}
  m_LocalScale: {x: 1, y: 1, z: 1}
  m_Children:
  - {fileID: 1540917071}
  - {fileID: 1897258928}
  - {fileID: 32738063}
  - {fileID: 571355516}
  - {fileID: 1332523363}
  - {fileID: 1430567502}
  - {fileID: 1633173717}
  - {fileID: 230430323}
  - {fileID: 1722782645}
  m_Father: {fileID: 1519293861}
  m_RootOrder: 0
  m_LocalEulerAnglesHint: {x: 0, y: 0, z: 0}
--- !u!1 &230430322
GameObject:
  m_ObjectHideFlags: 0
  m_PrefabParentObject: {fileID: 1329726370545112, guid: d045b9339ddbc9f4c9c0516d8d31c6d1,
    type: 2}
  m_PrefabInternal: {fileID: 236960884}
  serializedVersion: 5
  m_Component:
  - component: {fileID: 230430323}
  - component: {fileID: 230430325}
  - component: {fileID: 230430324}
  m_Layer: 0
  m_Name: Dragonbaby_7
  m_TagString: Untagged
  m_Icon: {fileID: 0}
  m_NavMeshLayer: 0
  m_StaticEditorFlags: 0
  m_IsActive: 1
--- !u!4 &230430323
Transform:
  m_ObjectHideFlags: 0
  m_PrefabParentObject: {fileID: 4854208104507132, guid: d045b9339ddbc9f4c9c0516d8d31c6d1,
    type: 2}
  m_PrefabInternal: {fileID: 236960884}
  m_GameObject: {fileID: 230430322}
  m_LocalRotation: {x: -0, y: -0, z: -0, w: 1}
  m_LocalPosition: {x: -0.86, y: 0.13, z: 0}
  m_LocalScale: {x: 1, y: 1, z: 1}
  m_Children: []
  m_Father: {fileID: 135196840}
  m_RootOrder: 7
  m_LocalEulerAnglesHint: {x: 0, y: 0, z: 0}
--- !u!137 &230430324
SkinnedMeshRenderer:
  m_ObjectHideFlags: 0
  m_PrefabParentObject: {fileID: 137409891704725858, guid: d045b9339ddbc9f4c9c0516d8d31c6d1,
    type: 2}
  m_PrefabInternal: {fileID: 236960884}
  m_GameObject: {fileID: 230430322}
  m_Enabled: 1
  m_CastShadows: 1
  m_ReceiveShadows: 1
  m_MotionVectors: 1
  m_LightProbeUsage: 1
  m_ReflectionProbeUsage: 1
  m_Materials:
  - {fileID: 21557443255281904, guid: 697c462cc8a3eae47a2c6469dfdcedb3, type: 2}
  m_StaticBatchInfo:
    firstSubMesh: 0
    subMeshCount: 0
  m_StaticBatchRoot: {fileID: 0}
  m_ProbeAnchor: {fileID: 0}
  m_LightProbeVolumeOverride: {fileID: 0}
  m_ScaleInLightmap: 1
  m_PreserveUVs: 0
  m_IgnoreNormalsForChartDetection: 0
  m_ImportantGI: 0
  m_SelectedEditorRenderState: 3
  m_MinimumChartSize: 4
  m_AutoUVMaxDistance: 0.5
  m_AutoUVMaxAngle: 89
  m_LightmapParameters: {fileID: 0}
  m_SortingLayerID: 0
  m_SortingLayer: 0
  m_SortingOrder: 1
  serializedVersion: 2
  m_Quality: 0
  m_UpdateWhenOffscreen: 0
  m_SkinnedMotionVectors: 1
  m_Mesh: {fileID: 0}
  m_Bones:
  - {fileID: 1726065534}
  m_BlendShapeWeights: []
  m_RootBone: {fileID: 1726065534}
  m_AABB:
    m_Center: {x: 0.35760427, y: 0.010418773, z: 0}
    m_Extent: {x: 0.44000024, y: 0.44000024, z: 0}
  m_DirtyAABB: 0
--- !u!114 &230430325
MonoBehaviour:
  m_ObjectHideFlags: 0
  m_PrefabParentObject: {fileID: 114159291125570284, guid: d045b9339ddbc9f4c9c0516d8d31c6d1,
    type: 2}
  m_PrefabInternal: {fileID: 236960884}
  m_GameObject: {fileID: 230430322}
  m_Enabled: 1
  m_EditorHideFlags: 0
  m_Script: {fileID: 11500000, guid: 5ec17ceaa560940e9bf0dbeafc3a1971, type: 3}
  m_Name: 
  m_EditorClassIdentifier: 
  m_SpriteMesh: {fileID: 11400000, guid: 697c462cc8a3eae47a2c6469dfdcedb3, type: 2}
  m_Color: {r: 1, g: 1, b: 1, a: 1}
  m_Materials:
  - {fileID: 10754, guid: 0000000000000000f000000000000000, type: 0}
  m_SortingLayerID: 0
  m_SortingOrder: 1
  m_Bones: []
  m_BoneTransforms:
  - {fileID: 1726065534}
--- !u!1001 &236960884
Prefab:
  m_ObjectHideFlags: 0
  serializedVersion: 2
  m_Modification:
    m_TransformParent: {fileID: 0}
    m_Modifications:
    - target: {fileID: 4739029839638998, guid: d045b9339ddbc9f4c9c0516d8d31c6d1, type: 2}
      propertyPath: m_LocalPosition.x
      value: 0
      objectReference: {fileID: 0}
    - target: {fileID: 4739029839638998, guid: d045b9339ddbc9f4c9c0516d8d31c6d1, type: 2}
      propertyPath: m_LocalPosition.y
      value: 0
      objectReference: {fileID: 0}
    - target: {fileID: 4739029839638998, guid: d045b9339ddbc9f4c9c0516d8d31c6d1, type: 2}
      propertyPath: m_LocalPosition.z
      value: 0
      objectReference: {fileID: 0}
    - target: {fileID: 4739029839638998, guid: d045b9339ddbc9f4c9c0516d8d31c6d1, type: 2}
      propertyPath: m_LocalRotation.x
      value: 0
      objectReference: {fileID: 0}
    - target: {fileID: 4739029839638998, guid: d045b9339ddbc9f4c9c0516d8d31c6d1, type: 2}
      propertyPath: m_LocalRotation.y
      value: 0
      objectReference: {fileID: 0}
    - target: {fileID: 4739029839638998, guid: d045b9339ddbc9f4c9c0516d8d31c6d1, type: 2}
      propertyPath: m_LocalRotation.z
      value: 0
      objectReference: {fileID: 0}
    - target: {fileID: 4739029839638998, guid: d045b9339ddbc9f4c9c0516d8d31c6d1, type: 2}
      propertyPath: m_LocalRotation.w
      value: 1
      objectReference: {fileID: 0}
    - target: {fileID: 4739029839638998, guid: d045b9339ddbc9f4c9c0516d8d31c6d1, type: 2}
      propertyPath: m_RootOrder
      value: 2
      objectReference: {fileID: 0}
    - target: {fileID: 137869131912461480, guid: d045b9339ddbc9f4c9c0516d8d31c6d1,
        type: 2}
      propertyPath: m_Mesh
      value: 
      objectReference: {fileID: 0}
    - target: {fileID: 137409891704725858, guid: d045b9339ddbc9f4c9c0516d8d31c6d1,
        type: 2}
      propertyPath: m_Mesh
      value: 
      objectReference: {fileID: 0}
    - target: {fileID: 137231107956092552, guid: d045b9339ddbc9f4c9c0516d8d31c6d1,
        type: 2}
      propertyPath: m_Mesh
      value: 
      objectReference: {fileID: 0}
    - target: {fileID: 137091983027325834, guid: d045b9339ddbc9f4c9c0516d8d31c6d1,
        type: 2}
      propertyPath: m_Mesh
      value: 
      objectReference: {fileID: 0}
    - target: {fileID: 137380567277641538, guid: d045b9339ddbc9f4c9c0516d8d31c6d1,
        type: 2}
      propertyPath: m_Mesh
      value: 
      objectReference: {fileID: 0}
    - target: {fileID: 137615454116227332, guid: d045b9339ddbc9f4c9c0516d8d31c6d1,
        type: 2}
      propertyPath: m_Mesh
      value: 
      objectReference: {fileID: 0}
    - target: {fileID: 137144512684051096, guid: d045b9339ddbc9f4c9c0516d8d31c6d1,
        type: 2}
      propertyPath: m_Mesh
      value: 
      objectReference: {fileID: 0}
    - target: {fileID: 137148947386347580, guid: d045b9339ddbc9f4c9c0516d8d31c6d1,
        type: 2}
      propertyPath: m_Mesh
      value: 
      objectReference: {fileID: 0}
    - target: {fileID: 137393602296859246, guid: d045b9339ddbc9f4c9c0516d8d31c6d1,
        type: 2}
      propertyPath: m_Mesh
      value: 
      objectReference: {fileID: 0}
    m_RemovedComponents: []
  m_ParentPrefab: {fileID: 100100000, guid: d045b9339ddbc9f4c9c0516d8d31c6d1, type: 2}
  m_RootGameObject: {fileID: 1519293858}
  m_IsPrefabParent: 0
--- !u!1 &424370248
GameObject:
  m_ObjectHideFlags: 0
  m_PrefabParentObject: {fileID: 1522614145735008, guid: d045b9339ddbc9f4c9c0516d8d31c6d1,
    type: 2}
  m_PrefabInternal: {fileID: 236960884}
  serializedVersion: 5
  m_Component:
  - component: {fileID: 424370249}
  - component: {fileID: 424370250}
  m_Layer: 0
  m_Name: l_eye
  m_TagString: Untagged
  m_Icon: {fileID: 0}
  m_NavMeshLayer: 0
  m_StaticEditorFlags: 0
  m_IsActive: 1
--- !u!4 &424370249
Transform:
  m_ObjectHideFlags: 0
  m_PrefabParentObject: {fileID: 4096752129617368, guid: d045b9339ddbc9f4c9c0516d8d31c6d1,
    type: 2}
  m_PrefabInternal: {fileID: 236960884}
  m_GameObject: {fileID: 424370248}
  m_LocalRotation: {x: -0, y: -0, z: -0.0065784752, w: 0.9999784}
  m_LocalPosition: {x: 0.8202492, y: -1.0196491, z: 0}
  m_LocalScale: {x: 1, y: 1, z: 1}
  m_Children:
  - {fileID: 1817145054}
  m_Father: {fileID: 868511676}
  m_RootOrder: 2
  m_LocalEulerAnglesHint: {x: 0, y: 0, z: 90.00001}
--- !u!114 &424370250
MonoBehaviour:
  m_ObjectHideFlags: 0
  m_PrefabParentObject: {fileID: 114650172999496422, guid: d045b9339ddbc9f4c9c0516d8d31c6d1,
    type: 2}
  m_PrefabInternal: {fileID: 236960884}
  m_GameObject: {fileID: 424370248}
  m_Enabled: 1
  m_EditorHideFlags: 0
  m_Script: {fileID: 11500000, guid: 03b157d7625014c58bfbad3513f40289, type: 3}
  m_Name: 
  m_EditorClassIdentifier: 
  m_Color: {r: 1, g: 1, b: 1, a: 1}
  m_Length: 1
  m_Child: {fileID: 0}
  m_ChildTransform: {fileID: 0}
  m_AttachedIK: {fileID: 0}
--- !u!1 &463637288
GameObject:
  m_ObjectHideFlags: 0
  m_PrefabParentObject: {fileID: 1340102611267952, guid: d045b9339ddbc9f4c9c0516d8d31c6d1,
    type: 2}
  m_PrefabInternal: {fileID: 236960884}
  serializedVersion: 5
  m_Component:
  - component: {fileID: 463637289}
  - component: {fileID: 463637290}
  m_Layer: 0
  m_Name: l_foot
  m_TagString: Untagged
  m_Icon: {fileID: 0}
  m_NavMeshLayer: 0
  m_StaticEditorFlags: 0
  m_IsActive: 1
--- !u!4 &463637289
Transform:
  m_ObjectHideFlags: 0
  m_PrefabParentObject: {fileID: 4879949326997950, guid: d045b9339ddbc9f4c9c0516d8d31c6d1,
    type: 2}
  m_PrefabInternal: {fileID: 236960884}
  m_GameObject: {fileID: 463637288}
  m_LocalRotation: {x: 0, y: 0, z: 0.98182374, w: -0.18979524}
  m_LocalPosition: {x: 0.042686824, y: -0.9965457, z: 0}
  m_LocalScale: {x: 1.000001, y: 1.000001, z: 1}
  m_Children: []
  m_Father: {fileID: 2045951839}
  m_RootOrder: 1
  m_LocalEulerAnglesHint: {x: 0, y: 0, z: 201.88199}
--- !u!114 &463637290
MonoBehaviour:
  m_ObjectHideFlags: 0
  m_PrefabParentObject: {fileID: 114085478556716472, guid: d045b9339ddbc9f4c9c0516d8d31c6d1,
    type: 2}
  m_PrefabInternal: {fileID: 236960884}
  m_GameObject: {fileID: 463637288}
  m_Enabled: 1
  m_EditorHideFlags: 0
  m_Script: {fileID: 11500000, guid: 03b157d7625014c58bfbad3513f40289, type: 3}
  m_Name: 
  m_EditorClassIdentifier: 
  m_Color: {r: 1, g: 1, b: 1, a: 1}
  m_Length: 1
  m_Child: {fileID: 0}
  m_ChildTransform: {fileID: 0}
  m_AttachedIK: {fileID: 0}
--- !u!1 &571355515
GameObject:
  m_ObjectHideFlags: 0
  m_PrefabParentObject: {fileID: 1605936277895290, guid: d045b9339ddbc9f4c9c0516d8d31c6d1,
    type: 2}
  m_PrefabInternal: {fileID: 236960884}
  serializedVersion: 5
  m_Component:
  - component: {fileID: 571355516}
  - component: {fileID: 571355518}
  - component: {fileID: 571355517}
  m_Layer: 0
  m_Name: Dragonbaby_3
  m_TagString: Untagged
  m_Icon: {fileID: 0}
  m_NavMeshLayer: 0
  m_StaticEditorFlags: 0
  m_IsActive: 1
--- !u!4 &571355516
Transform:
  m_ObjectHideFlags: 0
  m_PrefabParentObject: {fileID: 4040295578166374, guid: d045b9339ddbc9f4c9c0516d8d31c6d1,
    type: 2}
  m_PrefabInternal: {fileID: 236960884}
  m_GameObject: {fileID: 571355515}
  m_LocalRotation: {x: -0, y: -0, z: -0, w: 1}
  m_LocalPosition: {x: 0.98, y: 0.14, z: 0}
  m_LocalScale: {x: 1, y: 1, z: 1}
  m_Children: []
  m_Father: {fileID: 135196840}
  m_RootOrder: 3
  m_LocalEulerAnglesHint: {x: 0, y: 0, z: 0}
--- !u!137 &571355517
SkinnedMeshRenderer:
  m_ObjectHideFlags: 0
  m_PrefabParentObject: {fileID: 137615454116227332, guid: d045b9339ddbc9f4c9c0516d8d31c6d1,
    type: 2}
  m_PrefabInternal: {fileID: 236960884}
  m_GameObject: {fileID: 571355515}
  m_Enabled: 1
  m_CastShadows: 1
  m_ReceiveShadows: 1
  m_MotionVectors: 1
  m_LightProbeUsage: 1
  m_ReflectionProbeUsage: 1
  m_Materials:
  - {fileID: 21005449722978084, guid: 76042d9aa90e6da4e984a1de65f79cd5, type: 2}
  m_StaticBatchInfo:
    firstSubMesh: 0
    subMeshCount: 0
  m_StaticBatchRoot: {fileID: 0}
  m_ProbeAnchor: {fileID: 0}
  m_LightProbeVolumeOverride: {fileID: 0}
  m_ScaleInLightmap: 1
  m_PreserveUVs: 0
  m_IgnoreNormalsForChartDetection: 0
  m_ImportantGI: 0
  m_SelectedEditorRenderState: 3
  m_MinimumChartSize: 4
  m_AutoUVMaxDistance: 0.5
  m_AutoUVMaxAngle: 89
  m_LightmapParameters: {fileID: 0}
  m_SortingLayerID: 0
  m_SortingLayer: 0
  m_SortingOrder: 1
  serializedVersion: 2
  m_Quality: 0
  m_UpdateWhenOffscreen: 0
  m_SkinnedMotionVectors: 1
  m_Mesh: {fileID: 0}
  m_Bones:
  - {fileID: 424370249}
  m_BlendShapeWeights: []
  m_RootBone: {fileID: 424370249}
  m_AABB:
    m_Center: {x: 0.3448627, y: 0.028768688, z: 0}
    m_Extent: {x: 0.4250002, y: 0.4350002, z: 0}
  m_DirtyAABB: 0
--- !u!114 &571355518
MonoBehaviour:
  m_ObjectHideFlags: 0
  m_PrefabParentObject: {fileID: 114513108583238040, guid: d045b9339ddbc9f4c9c0516d8d31c6d1,
    type: 2}
  m_PrefabInternal: {fileID: 236960884}
  m_GameObject: {fileID: 571355515}
  m_Enabled: 1
  m_EditorHideFlags: 0
  m_Script: {fileID: 11500000, guid: 5ec17ceaa560940e9bf0dbeafc3a1971, type: 3}
  m_Name: 
  m_EditorClassIdentifier: 
  m_SpriteMesh: {fileID: 11400000, guid: 76042d9aa90e6da4e984a1de65f79cd5, type: 2}
  m_Color: {r: 1, g: 1, b: 1, a: 1}
  m_Materials:
  - {fileID: 10754, guid: 0000000000000000f000000000000000, type: 0}
  m_SortingLayerID: 0
  m_SortingOrder: 1
  m_Bones: []
  m_BoneTransforms:
  - {fileID: 424370249}
--- !u!1 &868511675
GameObject:
  m_ObjectHideFlags: 0
  m_PrefabParentObject: {fileID: 1192036385663150, guid: d045b9339ddbc9f4c9c0516d8d31c6d1,
    type: 2}
  m_PrefabInternal: {fileID: 236960884}
  serializedVersion: 5
  m_Component:
  - component: {fileID: 868511676}
  - component: {fileID: 868511677}
  m_Layer: 0
  m_Name: body
  m_TagString: Untagged
  m_Icon: {fileID: 0}
  m_NavMeshLayer: 0
  m_StaticEditorFlags: 0
  m_IsActive: 1
--- !u!4 &868511676
Transform:
  m_ObjectHideFlags: 0
  m_PrefabParentObject: {fileID: 4244714515026534, guid: d045b9339ddbc9f4c9c0516d8d31c6d1,
    type: 2}
  m_PrefabInternal: {fileID: 236960884}
  m_GameObject: {fileID: 868511675}
  m_LocalRotation: {x: 0, y: 0, z: 0.0065783537, w: 0.9999784}
  m_LocalPosition: {x: 2.3577678, y: -0, z: 0}
  m_LocalScale: {x: 1, y: 1, z: 1}
  m_Children:
  - {fileID: 1901005051}
  - {fileID: 1726065534}
  - {fileID: 424370249}
  m_Father: {fileID: 2045951839}
  m_RootOrder: 2
  m_LocalEulerAnglesHint: {x: 0, y: 0, z: 43.603}
--- !u!114 &868511677
MonoBehaviour:
  m_ObjectHideFlags: 0
  m_PrefabParentObject: {fileID: 114636451556381608, guid: d045b9339ddbc9f4c9c0516d8d31c6d1,
    type: 2}
  m_PrefabInternal: {fileID: 236960884}
  m_GameObject: {fileID: 868511675}
  m_Enabled: 1
  m_EditorHideFlags: 0
  m_Script: {fileID: 11500000, guid: 03b157d7625014c58bfbad3513f40289, type: 3}
  m_Name: 
  m_EditorClassIdentifier: 
  m_Color: {r: 1, g: 1, b: 1, a: 1}
  m_Length: 2.0000007
  m_Child: {fileID: 0}
  m_ChildTransform: {fileID: 1901005051}
  m_AttachedIK: {fileID: 0}
--- !u!1 &1215038551
GameObject:
  m_ObjectHideFlags: 0
  m_PrefabParentObject: {fileID: 1107666899944486, guid: d045b9339ddbc9f4c9c0516d8d31c6d1,
    type: 2}
  m_PrefabInternal: {fileID: 236960884}
  serializedVersion: 5
  m_Component:
  - component: {fileID: 1215038552}
  - component: {fileID: 1215038553}
  m_Layer: 0
  m_Name: r_eyeball
  m_TagString: Untagged
  m_Icon: {fileID: 0}
  m_NavMeshLayer: 0
  m_StaticEditorFlags: 0
  m_IsActive: 1
--- !u!4 &1215038552
Transform:
  m_ObjectHideFlags: 0
  m_PrefabParentObject: {fileID: 4580369047754462, guid: d045b9339ddbc9f4c9c0516d8d31c6d1,
    type: 2}
  m_PrefabInternal: {fileID: 236960884}
  m_GameObject: {fileID: 1215038551}
  m_LocalRotation: {x: 0, y: 0, z: 0, w: 1}
  m_LocalPosition: {x: 0.32880357, y: -0.11572358, z: 0}
  m_LocalScale: {x: 1, y: 1, z: 1}
  m_Children: []
  m_Father: {fileID: 1726065534}
  m_RootOrder: 0
  m_LocalEulerAnglesHint: {x: 0, y: 0, z: 95.922005}
--- !u!114 &1215038553
MonoBehaviour:
  m_ObjectHideFlags: 0
  m_PrefabParentObject: {fileID: 114164011763902136, guid: d045b9339ddbc9f4c9c0516d8d31c6d1,
    type: 2}
  m_PrefabInternal: {fileID: 236960884}
  m_GameObject: {fileID: 1215038551}
  m_Enabled: 1
  m_EditorHideFlags: 0
  m_Script: {fileID: 11500000, guid: 03b157d7625014c58bfbad3513f40289, type: 3}
  m_Name: 
  m_EditorClassIdentifier: 
  m_Color: {r: 1, g: 1, b: 1, a: 1}
  m_Length: 1
  m_Child: {fileID: 0}
  m_ChildTransform: {fileID: 0}
  m_AttachedIK: {fileID: 0}
--- !u!1 &1248606541
GameObject:
  m_ObjectHideFlags: 0
  m_PrefabParentObject: {fileID: 0}
  m_PrefabInternal: {fileID: 0}
  serializedVersion: 5
  m_Component:
  - component: {fileID: 1248606543}
  - component: {fileID: 1248606542}
  m_Layer: 0
  m_Name: Directional Light
  m_TagString: Untagged
  m_Icon: {fileID: 0}
  m_NavMeshLayer: 0
  m_StaticEditorFlags: 0
  m_IsActive: 1
--- !u!108 &1248606542
Light:
  m_ObjectHideFlags: 0
  m_PrefabParentObject: {fileID: 0}
  m_PrefabInternal: {fileID: 0}
  m_GameObject: {fileID: 1248606541}
  m_Enabled: 1
  serializedVersion: 8
  m_Type: 1
  m_Color: {r: 1, g: 0.95686275, b: 0.8392157, a: 1}
  m_Intensity: 1
  m_Range: 10
  m_SpotAngle: 30
  m_CookieSize: 10
  m_Shadows:
    m_Type: 2
    m_Resolution: -1
    m_CustomResolution: -1
    m_Strength: 1
    m_Bias: 0.05
    m_NormalBias: 0.4
    m_NearPlane: 0.2
  m_Cookie: {fileID: 0}
  m_DrawHalo: 0
  m_Flare: {fileID: 0}
  m_RenderMode: 0
  m_CullingMask:
    serializedVersion: 2
    m_Bits: 4294967295
  m_Lightmapping: 4
  m_AreaSize: {x: 1, y: 1}
  m_BounceIntensity: 1
  m_ColorTemperature: 6570
  m_UseColorTemperature: 0
  m_ShadowRadius: 0
  m_ShadowAngle: 0
--- !u!4 &1248606543
Transform:
  m_ObjectHideFlags: 0
  m_PrefabParentObject: {fileID: 0}
  m_PrefabInternal: {fileID: 0}
  m_GameObject: {fileID: 1248606541}
  m_LocalRotation: {x: 0.40821788, y: -0.23456968, z: 0.10938163, w: 0.8754261}
  m_LocalPosition: {x: 0, y: 3, z: 0}
  m_LocalScale: {x: 1, y: 1, z: 1}
  m_Children: []
  m_Father: {fileID: 0}
  m_RootOrder: 1
  m_LocalEulerAnglesHint: {x: 50, y: -30, z: 0}
--- !u!1 &1332523362
GameObject:
  m_ObjectHideFlags: 0
  m_PrefabParentObject: {fileID: 1807704035195378, guid: d045b9339ddbc9f4c9c0516d8d31c6d1,
    type: 2}
  m_PrefabInternal: {fileID: 236960884}
  serializedVersion: 5
  m_Component:
  - component: {fileID: 1332523363}
  - component: {fileID: 1332523365}
  - component: {fileID: 1332523364}
  m_Layer: 0
  m_Name: Dragonbaby_4
  m_TagString: Untagged
  m_Icon: {fileID: 0}
  m_NavMeshLayer: 0
  m_StaticEditorFlags: 0
  m_IsActive: 1
--- !u!4 &1332523363
Transform:
  m_ObjectHideFlags: 0
  m_PrefabParentObject: {fileID: 4715767924105346, guid: d045b9339ddbc9f4c9c0516d8d31c6d1,
    type: 2}
  m_PrefabInternal: {fileID: 236960884}
  m_GameObject: {fileID: 1332523362}
  m_LocalRotation: {x: -0, y: -0, z: -0, w: 1}
  m_LocalPosition: {x: -0.73, y: 0.12, z: 0}
  m_LocalScale: {x: 1, y: 1, z: 1}
  m_Children: []
  m_Father: {fileID: 135196840}
  m_RootOrder: 4
  m_LocalEulerAnglesHint: {x: 0, y: 0, z: 0}
--- !u!137 &1332523364
SkinnedMeshRenderer:
  m_ObjectHideFlags: 0
  m_PrefabParentObject: {fileID: 137380567277641538, guid: d045b9339ddbc9f4c9c0516d8d31c6d1,
    type: 2}
  m_PrefabInternal: {fileID: 236960884}
  m_GameObject: {fileID: 1332523362}
  m_Enabled: 1
  m_CastShadows: 1
  m_ReceiveShadows: 1
  m_MotionVectors: 1
  m_LightProbeUsage: 1
  m_ReflectionProbeUsage: 1
  m_Materials:
  - {fileID: 21968824145058030, guid: c9eb59d0e79ffc14baad46d7fd24efb9, type: 2}
  m_StaticBatchInfo:
    firstSubMesh: 0
    subMeshCount: 0
  m_StaticBatchRoot: {fileID: 0}
  m_ProbeAnchor: {fileID: 0}
  m_LightProbeVolumeOverride: {fileID: 0}
  m_ScaleInLightmap: 1
  m_PreserveUVs: 0
  m_IgnoreNormalsForChartDetection: 0
  m_ImportantGI: 0
  m_SelectedEditorRenderState: 3
  m_MinimumChartSize: 4
  m_AutoUVMaxDistance: 0.5
  m_AutoUVMaxAngle: 89
  m_LightmapParameters: {fileID: 0}
  m_SortingLayerID: 0
  m_SortingLayer: 0
  m_SortingOrder: 2
  serializedVersion: 2
  m_Quality: 0
  m_UpdateWhenOffscreen: 0
  m_SkinnedMotionVectors: 1
  m_Mesh: {fileID: 0}
  m_Bones:
  - {fileID: 1215038552}
  m_BlendShapeWeights: []
  m_RootBone: {fileID: 1215038552}
  m_AABB:
    m_Center: {x: 0.018800706, y: -0.0038577616, z: 0}
    m_Extent: {x: 0.32000014, y: 0.34000015, z: 0}
  m_DirtyAABB: 0
--- !u!114 &1332523365
MonoBehaviour:
  m_ObjectHideFlags: 0
  m_PrefabParentObject: {fileID: 114256171793531654, guid: d045b9339ddbc9f4c9c0516d8d31c6d1,
    type: 2}
  m_PrefabInternal: {fileID: 236960884}
  m_GameObject: {fileID: 1332523362}
  m_Enabled: 1
  m_EditorHideFlags: 0
  m_Script: {fileID: 11500000, guid: 5ec17ceaa560940e9bf0dbeafc3a1971, type: 3}
  m_Name: 
  m_EditorClassIdentifier: 
  m_SpriteMesh: {fileID: 11400000, guid: c9eb59d0e79ffc14baad46d7fd24efb9, type: 2}
  m_Color: {r: 1, g: 1, b: 1, a: 1}
  m_Materials:
  - {fileID: 10754, guid: 0000000000000000f000000000000000, type: 0}
  m_SortingLayerID: 0
  m_SortingOrder: 2
  m_Bones: []
  m_BoneTransforms:
  - {fileID: 1215038552}
--- !u!1 &1430567501
GameObject:
  m_ObjectHideFlags: 0
  m_PrefabParentObject: {fileID: 1323400765519670, guid: d045b9339ddbc9f4c9c0516d8d31c6d1,
    type: 2}
  m_PrefabInternal: {fileID: 236960884}
  serializedVersion: 5
  m_Component:
  - component: {fileID: 1430567502}
  - component: {fileID: 1430567504}
  - component: {fileID: 1430567503}
  m_Layer: 0
  m_Name: Dragonbaby_5
  m_TagString: Untagged
  m_Icon: {fileID: 0}
  m_NavMeshLayer: 0
  m_StaticEditorFlags: 0
  m_IsActive: 1
--- !u!4 &1430567502
Transform:
  m_ObjectHideFlags: 0
  m_PrefabParentObject: {fileID: 4023021622864350, guid: d045b9339ddbc9f4c9c0516d8d31c6d1,
    type: 2}
  m_PrefabInternal: {fileID: 236960884}
  m_GameObject: {fileID: 1430567501}
  m_LocalRotation: {x: -0, y: -0, z: -0, w: 1}
  m_LocalPosition: {x: 0, y: -2.08, z: 0}
  m_LocalScale: {x: 1, y: 1, z: 1}
  m_Children: []
  m_Father: {fileID: 135196840}
  m_RootOrder: 5
  m_LocalEulerAnglesHint: {x: 0, y: 0, z: 0}
--- !u!137 &1430567503
SkinnedMeshRenderer:
  m_ObjectHideFlags: 0
  m_PrefabParentObject: {fileID: 137091983027325834, guid: d045b9339ddbc9f4c9c0516d8d31c6d1,
    type: 2}
  m_PrefabInternal: {fileID: 236960884}
  m_GameObject: {fileID: 1430567501}
  m_Enabled: 1
  m_CastShadows: 1
  m_ReceiveShadows: 1
  m_MotionVectors: 1
  m_LightProbeUsage: 1
  m_ReflectionProbeUsage: 1
  m_Materials:
  - {fileID: 21929780028580646, guid: 79a885370d39bdc40acb48fe796fe200, type: 2}
  m_StaticBatchInfo:
    firstSubMesh: 0
    subMeshCount: 0
  m_StaticBatchRoot: {fileID: 0}
  m_ProbeAnchor: {fileID: 0}
  m_LightProbeVolumeOverride: {fileID: 0}
  m_ScaleInLightmap: 1
  m_PreserveUVs: 0
  m_IgnoreNormalsForChartDetection: 0
  m_ImportantGI: 0
  m_SelectedEditorRenderState: 3
  m_MinimumChartSize: 4
  m_AutoUVMaxDistance: 0.5
  m_AutoUVMaxAngle: 89
  m_LightmapParameters: {fileID: 0}
  m_SortingLayerID: 0
  m_SortingLayer: 0
  m_SortingOrder: 3
  serializedVersion: 2
  m_Quality: 0
  m_UpdateWhenOffscreen: 0
  m_SkinnedMotionVectors: 1
  m_Mesh: {fileID: 0}
  m_Bones:
  - {fileID: 2045951839}
  m_BlendShapeWeights: []
  m_RootBone: {fileID: 2045951839}
  m_AABB:
    m_Center: {x: 1.3162229, y: -0.00000047683716, z: 0}
    m_Extent: {x: 1.765001, y: 2.945001, z: 0}
  m_DirtyAABB: 0
--- !u!114 &1430567504
MonoBehaviour:
  m_ObjectHideFlags: 0
  m_PrefabParentObject: {fileID: 114507972285920584, guid: d045b9339ddbc9f4c9c0516d8d31c6d1,
    type: 2}
  m_PrefabInternal: {fileID: 236960884}
  m_GameObject: {fileID: 1430567501}
  m_Enabled: 1
  m_EditorHideFlags: 0
  m_Script: {fileID: 11500000, guid: 5ec17ceaa560940e9bf0dbeafc3a1971, type: 3}
  m_Name: 
  m_EditorClassIdentifier: 
  m_SpriteMesh: {fileID: 11400000, guid: 79a885370d39bdc40acb48fe796fe200, type: 2}
  m_Color: {r: 1, g: 1, b: 1, a: 1}
  m_Materials:
  - {fileID: 10754, guid: 0000000000000000f000000000000000, type: 0}
  m_SortingLayerID: 0
  m_SortingOrder: 3
  m_Bones: []
  m_BoneTransforms:
  - {fileID: 2045951839}
--- !u!1 &1519293858
GameObject:
  m_ObjectHideFlags: 0
  m_PrefabParentObject: {fileID: 1390053955478854, guid: d045b9339ddbc9f4c9c0516d8d31c6d1,
    type: 2}
  m_PrefabInternal: {fileID: 236960884}
  serializedVersion: 5
  m_Component:
  - component: {fileID: 1519293861}
  - component: {fileID: 1519293860}
  - component: {fileID: 1519293859}
  m_Layer: 0
  m_Name: Dragonbaby
  m_TagString: Untagged
  m_Icon: {fileID: 0}
  m_NavMeshLayer: 0
  m_StaticEditorFlags: 0
  m_IsActive: 1
--- !u!95 &1519293859
Animator:
  serializedVersion: 3
  m_ObjectHideFlags: 0
  m_PrefabParentObject: {fileID: 95634526407236794, guid: d045b9339ddbc9f4c9c0516d8d31c6d1,
    type: 2}
  m_PrefabInternal: {fileID: 236960884}
  m_GameObject: {fileID: 1519293858}
  m_Enabled: 1
  m_Avatar: {fileID: 0}
  m_Controller: {fileID: 9100000, guid: d95c921d8b7bbb7439f5a1c12f99c015, type: 2}
  m_CullingMode: 0
  m_UpdateMode: 0
  m_ApplyRootMotion: 0
  m_LinearVelocityBlending: 0
  m_WarningMessage: 
  m_HasTransformHierarchy: 1
  m_AllowConstantClipSamplingOptimization: 1
--- !u!114 &1519293860
MonoBehaviour:
  m_ObjectHideFlags: 0
  m_PrefabParentObject: {fileID: 114128666093914302, guid: d045b9339ddbc9f4c9c0516d8d31c6d1,
    type: 2}
  m_PrefabInternal: {fileID: 236960884}
  m_GameObject: {fileID: 1519293858}
  m_Enabled: 1
  m_EditorHideFlags: 0
  m_Script: {fileID: 11500000, guid: 533669fe702b5414cbcdd5a5efeb8e36, type: 3}
  m_Name: 
  m_EditorClassIdentifier: 
  m_Poses:
  - {fileID: 11400000, guid: aff43946d69ab744cb12be869aefcc32, type: 2}
--- !u!4 &1519293861
Transform:
  m_ObjectHideFlags: 0
  m_PrefabParentObject: {fileID: 4739029839638998, guid: d045b9339ddbc9f4c9c0516d8d31c6d1,
    type: 2}
  m_PrefabInternal: {fileID: 236960884}
  m_GameObject: {fileID: 1519293858}
  m_LocalRotation: {x: 0, y: 0, z: 0, w: 1}
  m_LocalPosition: {x: 0, y: 0, z: 0}
  m_LocalScale: {x: 1, y: 1, z: 1}
  m_Children:
  - {fileID: 135196840}
  - {fileID: 1776008813}
  m_Father: {fileID: 0}
  m_RootOrder: 2
  m_LocalEulerAnglesHint: {x: 0, y: 0, z: 0}
--- !u!1 &1540917070
GameObject:
  m_ObjectHideFlags: 0
  m_PrefabParentObject: {fileID: 1226739693684948, guid: d045b9339ddbc9f4c9c0516d8d31c6d1,
    type: 2}
  m_PrefabInternal: {fileID: 236960884}
  serializedVersion: 5
  m_Component:
  - component: {fileID: 1540917071}
  - component: {fileID: 1540917073}
  - component: {fileID: 1540917072}
  m_Layer: 0
  m_Name: Dragonbaby_0
  m_TagString: Untagged
  m_Icon: {fileID: 0}
  m_NavMeshLayer: 0
  m_StaticEditorFlags: 0
  m_IsActive: 1
--- !u!4 &1540917071
Transform:
  m_ObjectHideFlags: 0
  m_PrefabParentObject: {fileID: 4596237138583748, guid: d045b9339ddbc9f4c9c0516d8d31c6d1,
    type: 2}
  m_PrefabInternal: {fileID: 236960884}
  m_GameObject: {fileID: 1540917070}
  m_LocalRotation: {x: -0, y: -0, z: 0.7071068, w: 0.7071068}
  m_LocalPosition: {x: 0, y: 2.32, z: 0}
  m_LocalScale: {x: 1, y: 1, z: 1}
  m_Children: []
  m_Father: {fileID: 135196840}
  m_RootOrder: 0
  m_LocalEulerAnglesHint: {x: 0, y: 0, z: 90}
--- !u!137 &1540917072
SkinnedMeshRenderer:
  m_ObjectHideFlags: 0
  m_PrefabParentObject: {fileID: 137393602296859246, guid: d045b9339ddbc9f4c9c0516d8d31c6d1,
    type: 2}
  m_PrefabInternal: {fileID: 236960884}
  m_GameObject: {fileID: 1540917070}
  m_Enabled: 1
  m_CastShadows: 1
  m_ReceiveShadows: 1
  m_MotionVectors: 1
  m_LightProbeUsage: 1
  m_ReflectionProbeUsage: 1
  m_Materials:
  - {fileID: 21995430711045098, guid: 44151d38686055648b211a3f9c67c990, type: 2}
  m_StaticBatchInfo:
    firstSubMesh: 0
    subMeshCount: 0
  m_StaticBatchRoot: {fileID: 0}
  m_ProbeAnchor: {fileID: 0}
  m_LightProbeVolumeOverride: {fileID: 0}
  m_ScaleInLightmap: 1
  m_PreserveUVs: 0
  m_IgnoreNormalsForChartDetection: 0
  m_ImportantGI: 0
  m_SelectedEditorRenderState: 3
  m_MinimumChartSize: 4
  m_AutoUVMaxDistance: 0.5
  m_AutoUVMaxAngle: 89
  m_LightmapParameters: {fileID: 0}
  m_SortingLayerID: 0
  m_SortingLayer: 0
  m_SortingOrder: 3
  serializedVersion: 2
  m_Quality: 0
  m_UpdateWhenOffscreen: 0
  m_SkinnedMotionVectors: 1
  m_Mesh: {fileID: 0}
  m_Bones:
  - {fileID: 1901005051}
  m_BlendShapeWeights: []
  m_RootBone: {fileID: 1901005051}
  m_AABB:
    m_Center: {x: 1.1846578, y: -0.024582863, z: 0}
    m_Extent: {x: 2.0700855, y: 2.9470494, z: 0}
  m_DirtyAABB: 0
--- !u!114 &1540917073
MonoBehaviour:
  m_ObjectHideFlags: 0
  m_PrefabParentObject: {fileID: 114412748541449628, guid: d045b9339ddbc9f4c9c0516d8d31c6d1,
    type: 2}
  m_PrefabInternal: {fileID: 236960884}
  m_GameObject: {fileID: 1540917070}
  m_Enabled: 1
  m_EditorHideFlags: 0
  m_Script: {fileID: 11500000, guid: 5ec17ceaa560940e9bf0dbeafc3a1971, type: 3}
  m_Name: 
  m_EditorClassIdentifier: 
  m_SpriteMesh: {fileID: 11400000, guid: 44151d38686055648b211a3f9c67c990, type: 2}
  m_Color: {r: 1, g: 1, b: 1, a: 1}
  m_Materials:
  - {fileID: 10754, guid: 0000000000000000f000000000000000, type: 0}
  m_SortingLayerID: 0
  m_SortingOrder: 3
  m_Bones: []
  m_BoneTransforms:
  - {fileID: 1901005051}
--- !u!1 &1633173716
GameObject:
  m_ObjectHideFlags: 0
  m_PrefabParentObject: {fileID: 1824008079467848, guid: d045b9339ddbc9f4c9c0516d8d31c6d1,
    type: 2}
  m_PrefabInternal: {fileID: 236960884}
  serializedVersion: 5
  m_Component:
  - component: {fileID: 1633173717}
  - component: {fileID: 1633173719}
  - component: {fileID: 1633173718}
  m_Layer: 0
  m_Name: Dragonbaby_6
  m_TagString: Untagged
  m_Icon: {fileID: 0}
  m_NavMeshLayer: 0
  m_StaticEditorFlags: 0
  m_IsActive: 1
--- !u!4 &1633173717
Transform:
  m_ObjectHideFlags: 0
  m_PrefabParentObject: {fileID: 4080536093580298, guid: d045b9339ddbc9f4c9c0516d8d31c6d1,
    type: 2}
  m_PrefabInternal: {fileID: 236960884}
  m_GameObject: {fileID: 1633173716}
  m_LocalRotation: {x: -0, y: -0, z: -0, w: 1}
  m_LocalPosition: {x: 1.32, y: -3.83, z: 0}
  m_LocalScale: {x: 1, y: 1, z: 1}
  m_Children: []
  m_Father: {fileID: 135196840}
  m_RootOrder: 6
  m_LocalEulerAnglesHint: {x: 0, y: 0, z: 0}
--- !u!137 &1633173718
SkinnedMeshRenderer:
  m_ObjectHideFlags: 0
  m_PrefabParentObject: {fileID: 137231107956092552, guid: d045b9339ddbc9f4c9c0516d8d31c6d1,
    type: 2}
  m_PrefabInternal: {fileID: 236960884}
  m_GameObject: {fileID: 1633173716}
  m_Enabled: 1
  m_CastShadows: 1
  m_ReceiveShadows: 1
  m_MotionVectors: 1
  m_LightProbeUsage: 1
  m_ReflectionProbeUsage: 1
  m_Materials:
  - {fileID: 21567498737974168, guid: ae1919a4e69934e4c867d07a047c2159, type: 2}
  m_StaticBatchInfo:
    firstSubMesh: 0
    subMeshCount: 0
  m_StaticBatchRoot: {fileID: 0}
  m_ProbeAnchor: {fileID: 0}
  m_LightProbeVolumeOverride: {fileID: 0}
  m_ScaleInLightmap: 1
  m_PreserveUVs: 0
  m_IgnoreNormalsForChartDetection: 0
  m_ImportantGI: 0
  m_SelectedEditorRenderState: 3
  m_MinimumChartSize: 4
  m_AutoUVMaxDistance: 0.5
  m_AutoUVMaxAngle: 89
  m_LightmapParameters: {fileID: 0}
  m_SortingLayerID: 0
  m_SortingLayer: 0
  m_SortingOrder: 0
  serializedVersion: 2
  m_Quality: 0
  m_UpdateWhenOffscreen: 0
  m_SkinnedMotionVectors: 1
  m_Mesh: {fileID: 0}
  m_Bones:
  - {fileID: 463637289}
  m_BlendShapeWeights: []
  m_RootBone: {fileID: 463637289}
  m_AABB:
    m_Center: {x: 0.60554606, y: 0.0033165216, z: 0}
    m_Extent: {x: 0.74513334, y: 0.96172416, z: 0}
  m_DirtyAABB: 0
--- !u!114 &1633173719
MonoBehaviour:
  m_ObjectHideFlags: 0
  m_PrefabParentObject: {fileID: 114881077899513352, guid: d045b9339ddbc9f4c9c0516d8d31c6d1,
    type: 2}
  m_PrefabInternal: {fileID: 236960884}
  m_GameObject: {fileID: 1633173716}
  m_Enabled: 1
  m_EditorHideFlags: 0
  m_Script: {fileID: 11500000, guid: 5ec17ceaa560940e9bf0dbeafc3a1971, type: 3}
  m_Name: 
  m_EditorClassIdentifier: 
  m_SpriteMesh: {fileID: 11400000, guid: ae1919a4e69934e4c867d07a047c2159, type: 2}
  m_Color: {r: 1, g: 1, b: 1, a: 1}
  m_Materials:
  - {fileID: 10754, guid: 0000000000000000f000000000000000, type: 0}
  m_SortingLayerID: 0
  m_SortingOrder: 0
  m_Bones: []
  m_BoneTransforms:
  - {fileID: 463637289}
--- !u!1 &1722782644
GameObject:
  m_ObjectHideFlags: 0
  m_PrefabParentObject: {fileID: 1894088690791700, guid: d045b9339ddbc9f4c9c0516d8d31c6d1,
    type: 2}
  m_PrefabInternal: {fileID: 236960884}
  serializedVersion: 5
  m_Component:
  - component: {fileID: 1722782645}
  - component: {fileID: 1722782647}
  - component: {fileID: 1722782646}
  m_Layer: 0
  m_Name: Dragonbaby_8
  m_TagString: Untagged
  m_Icon: {fileID: 0}
  m_NavMeshLayer: 0
  m_StaticEditorFlags: 0
  m_IsActive: 1
--- !u!4 &1722782645
Transform:
  m_ObjectHideFlags: 0
  m_PrefabParentObject: {fileID: 4579611934417676, guid: d045b9339ddbc9f4c9c0516d8d31c6d1,
    type: 2}
  m_PrefabInternal: {fileID: 236960884}
  m_GameObject: {fileID: 1722782644}
  m_LocalRotation: {x: -0, y: -0, z: -0, w: 1}
  m_LocalPosition: {x: 0.88, y: 0.12, z: 0}
  m_LocalScale: {x: 1, y: 1, z: 1}
  m_Children: []
  m_Father: {fileID: 135196840}
  m_RootOrder: 8
  m_LocalEulerAnglesHint: {x: 0, y: 0, z: 0}
--- !u!137 &1722782646
SkinnedMeshRenderer:
  m_ObjectHideFlags: 0
  m_PrefabParentObject: {fileID: 137869131912461480, guid: d045b9339ddbc9f4c9c0516d8d31c6d1,
    type: 2}
  m_PrefabInternal: {fileID: 236960884}
  m_GameObject: {fileID: 1722782644}
  m_Enabled: 1
  m_CastShadows: 1
  m_ReceiveShadows: 1
  m_MotionVectors: 1
  m_LightProbeUsage: 1
  m_ReflectionProbeUsage: 1
  m_Materials:
  - {fileID: 21435367127314806, guid: 296881e73b9f6064ebacf6241cb721a9, type: 2}
  m_StaticBatchInfo:
    firstSubMesh: 0
    subMeshCount: 0
  m_StaticBatchRoot: {fileID: 0}
  m_ProbeAnchor: {fileID: 0}
  m_LightProbeVolumeOverride: {fileID: 0}
  m_ScaleInLightmap: 1
  m_PreserveUVs: 0
  m_IgnoreNormalsForChartDetection: 0
  m_ImportantGI: 0
  m_SelectedEditorRenderState: 3
  m_MinimumChartSize: 4
  m_AutoUVMaxDistance: 0.5
  m_AutoUVMaxAngle: 89
  m_LightmapParameters: {fileID: 0}
  m_SortingLayerID: 0
  m_SortingLayer: 0
  m_SortingOrder: 2
  serializedVersion: 2
  m_Quality: 0
  m_UpdateWhenOffscreen: 0
  m_SkinnedMotionVectors: 1
  m_Mesh: {fileID: 0}
  m_Bones:
  - {fileID: 1817145054}
  m_BlendShapeWeights: []
  m_RootBone: {fileID: 1817145054}
  m_AABB:
    m_Center: {x: 0.13250121, y: -0.021989733, z: 0}
    m_Extent: {x: 0.32500017, y: 0.32000017, z: 0}
  m_DirtyAABB: 0
--- !u!114 &1722782647
MonoBehaviour:
  m_ObjectHideFlags: 0
  m_PrefabParentObject: {fileID: 114406401927318324, guid: d045b9339ddbc9f4c9c0516d8d31c6d1,
    type: 2}
  m_PrefabInternal: {fileID: 236960884}
  m_GameObject: {fileID: 1722782644}
  m_Enabled: 1
  m_EditorHideFlags: 0
  m_Script: {fileID: 11500000, guid: 5ec17ceaa560940e9bf0dbeafc3a1971, type: 3}
  m_Name: 
  m_EditorClassIdentifier: 
  m_SpriteMesh: {fileID: 11400000, guid: 296881e73b9f6064ebacf6241cb721a9, type: 2}
  m_Color: {r: 1, g: 1, b: 1, a: 1}
  m_Materials:
  - {fileID: 10754, guid: 0000000000000000f000000000000000, type: 0}
  m_SortingLayerID: 0
  m_SortingOrder: 2
  m_Bones: []
  m_BoneTransforms:
  - {fileID: 1817145054}
--- !u!1 &1726065533
GameObject:
  m_ObjectHideFlags: 0
  m_PrefabParentObject: {fileID: 1417317182988512, guid: d045b9339ddbc9f4c9c0516d8d31c6d1,
    type: 2}
  m_PrefabInternal: {fileID: 236960884}
  serializedVersion: 5
  m_Component:
  - component: {fileID: 1726065534}
  - component: {fileID: 1726065535}
  m_Layer: 0
  m_Name: r_eye
  m_TagString: Untagged
  m_Icon: {fileID: 0}
  m_NavMeshLayer: 0
  m_StaticEditorFlags: 0
  m_IsActive: 1
--- !u!4 &1726065534
Transform:
  m_ObjectHideFlags: 0
  m_PrefabParentObject: {fileID: 4734302262329484, guid: d045b9339ddbc9f4c9c0516d8d31c6d1,
    type: 2}
  m_PrefabInternal: {fileID: 236960884}
  m_GameObject: {fileID: 1726065533}
  m_LocalRotation: {x: -0, y: -0, z: -0.0065784752, w: 0.9999784}
  m_LocalPosition: {x: 0.8219587, y: 0.8388397, z: 0}
  m_LocalScale: {x: 1, y: 1, z: 1}
  m_Children:
  - {fileID: 1215038552}
  m_Father: {fileID: 868511676}
  m_RootOrder: 1
  m_LocalEulerAnglesHint: {x: 0, y: 0, z: 90.00001}
--- !u!114 &1726065535
MonoBehaviour:
  m_ObjectHideFlags: 0
  m_PrefabParentObject: {fileID: 114578301006446396, guid: d045b9339ddbc9f4c9c0516d8d31c6d1,
    type: 2}
  m_PrefabInternal: {fileID: 236960884}
  m_GameObject: {fileID: 1726065533}
  m_Enabled: 1
  m_EditorHideFlags: 0
  m_Script: {fileID: 11500000, guid: 03b157d7625014c58bfbad3513f40289, type: 3}
  m_Name: 
  m_EditorClassIdentifier: 
  m_Color: {r: 1, g: 1, b: 1, a: 1}
  m_Length: 1.0000019
  m_Child: {fileID: 0}
  m_ChildTransform: {fileID: 0}
  m_AttachedIK: {fileID: 0}
--- !u!1 &1776008812
GameObject:
  m_ObjectHideFlags: 0
  m_PrefabParentObject: {fileID: 1307601606806542, guid: d045b9339ddbc9f4c9c0516d8d31c6d1,
    type: 2}
  m_PrefabInternal: {fileID: 236960884}
  serializedVersion: 5
  m_Component:
  - component: {fileID: 1776008813}
  m_Layer: 0
  m_Name: Bone
  m_TagString: Untagged
  m_Icon: {fileID: 0}
  m_NavMeshLayer: 0
  m_StaticEditorFlags: 0
  m_IsActive: 1
--- !u!4 &1776008813
Transform:
  m_ObjectHideFlags: 0
  m_PrefabParentObject: {fileID: 4770049741352600, guid: d045b9339ddbc9f4c9c0516d8d31c6d1,
    type: 2}
  m_PrefabInternal: {fileID: 236960884}
  m_GameObject: {fileID: 1776008812}
  m_LocalRotation: {x: 0, y: 0, z: 0, w: 1}
  m_LocalPosition: {x: 0, y: 0, z: 0}
  m_LocalScale: {x: 1, y: 1, z: 1}
  m_Children:
  - {fileID: 2045951839}
  m_Father: {fileID: 1519293861}
  m_RootOrder: 1
  m_LocalEulerAnglesHint: {x: 0, y: 0, z: 0}
--- !u!1 &1817145053
GameObject:
  m_ObjectHideFlags: 0
  m_PrefabParentObject: {fileID: 1024802922093274, guid: d045b9339ddbc9f4c9c0516d8d31c6d1,
    type: 2}
  m_PrefabInternal: {fileID: 236960884}
  serializedVersion: 5
  m_Component:
  - component: {fileID: 1817145054}
  - component: {fileID: 1817145056}
  - component: {fileID: 1817145055}
  m_Layer: 0
  m_Name: l_eyeball
  m_TagString: Untagged
  m_Icon: {fileID: 0}
  m_NavMeshLayer: 0
  m_StaticEditorFlags: 0
  m_IsActive: 1
--- !u!4 &1817145054
Transform:
  m_ObjectHideFlags: 0
  m_PrefabParentObject: {fileID: 4125032298820682, guid: d045b9339ddbc9f4c9c0516d8d31c6d1,
    type: 2}
  m_PrefabInternal: {fileID: 236960884}
  m_GameObject: {fileID: 1817145053}
  m_LocalRotation: {x: -0, y: -0, z: -0.000000059138962, w: 1}
  m_LocalPosition: {x: 0.19236124, y: 0.1507584, z: 0}
  m_LocalScale: {x: 1, y: 1, z: 1}
  m_Children: []
  m_Father: {fileID: 424370249}
  m_RootOrder: 0
  m_LocalEulerAnglesHint: {x: 0, y: 0, z: 0}
--- !u!114 &1817145055
MonoBehaviour:
  m_ObjectHideFlags: 0
  m_PrefabParentObject: {fileID: 114280647364370296, guid: d045b9339ddbc9f4c9c0516d8d31c6d1,
    type: 2}
  m_PrefabInternal: {fileID: 236960884}
  m_GameObject: {fileID: 1817145053}
  m_Enabled: 1
  m_EditorHideFlags: 0
  m_Script: {fileID: 11500000, guid: 533669fe702b5414cbcdd5a5efeb8e36, type: 3}
  m_Name: 
  m_EditorClassIdentifier: 
  m_Poses:
  - {fileID: 0}
--- !u!114 &1817145056
MonoBehaviour:
  m_ObjectHideFlags: 0
  m_PrefabParentObject: {fileID: 114658686810444322, guid: d045b9339ddbc9f4c9c0516d8d31c6d1,
    type: 2}
  m_PrefabInternal: {fileID: 236960884}
  m_GameObject: {fileID: 1817145053}
  m_Enabled: 1
  m_EditorHideFlags: 0
  m_Script: {fileID: 11500000, guid: 03b157d7625014c58bfbad3513f40289, type: 3}
  m_Name: 
  m_EditorClassIdentifier: 
  m_Color: {r: 1, g: 1, b: 1, a: 1}
  m_Length: 1
  m_Child: {fileID: 0}
  m_ChildTransform: {fileID: 0}
  m_AttachedIK: {fileID: 0}
--- !u!1 &1894998370
GameObject:
  m_ObjectHideFlags: 0
  m_PrefabParentObject: {fileID: 1426985937002724, guid: d045b9339ddbc9f4c9c0516d8d31c6d1,
    type: 2}
  m_PrefabInternal: {fileID: 236960884}
  serializedVersion: 5
  m_Component:
  - component: {fileID: 1894998371}
  - component: {fileID: 1894998372}
  m_Layer: 0
  m_Name: r_foot
  m_TagString: Untagged
  m_Icon: {fileID: 0}
  m_NavMeshLayer: 0
  m_StaticEditorFlags: 0
  m_IsActive: 1
--- !u!4 &1894998371
Transform:
  m_ObjectHideFlags: 0
  m_PrefabParentObject: {fileID: 4364505499491366, guid: d045b9339ddbc9f4c9c0516d8d31c6d1,
    type: 2}
  m_PrefabInternal: {fileID: 236960884}
  m_GameObject: {fileID: 1894998370}
  m_LocalRotation: {x: 0, y: 0, z: 0.9792785, w: 0.20251839}
  m_LocalPosition: {x: 0.0675999, y: 1.0712878, z: 0}
  m_LocalScale: {x: 1, y: 1, z: 1}
  m_Children: []
  m_Father: {fileID: 2045951839}
  m_RootOrder: 0
  m_LocalEulerAnglesHint: {x: 0, y: 0, z: 190.57199}
--- !u!114 &1894998372
MonoBehaviour:
  m_ObjectHideFlags: 0
  m_PrefabParentObject: {fileID: 114056100302263700, guid: d045b9339ddbc9f4c9c0516d8d31c6d1,
    type: 2}
  m_PrefabInternal: {fileID: 236960884}
  m_GameObject: {fileID: 1894998370}
  m_Enabled: 1
  m_EditorHideFlags: 0
  m_Script: {fileID: 11500000, guid: 03b157d7625014c58bfbad3513f40289, type: 3}
  m_Name: 
  m_EditorClassIdentifier: 
  m_Color: {r: 1, g: 1, b: 1, a: 1}
  m_Length: 1
  m_Child: {fileID: 0}
  m_ChildTransform: {fileID: 0}
  m_AttachedIK: {fileID: 0}
--- !u!1 &1897258927
GameObject:
  m_ObjectHideFlags: 0
  m_PrefabParentObject: {fileID: 1443871189737922, guid: d045b9339ddbc9f4c9c0516d8d31c6d1,
    type: 2}
  m_PrefabInternal: {fileID: 236960884}
  serializedVersion: 5
  m_Component:
  - component: {fileID: 1897258928}
  - component: {fileID: 1897258930}
  - component: {fileID: 1897258929}
  m_Layer: 0
  m_Name: Dragonbaby_1
  m_TagString: Untagged
  m_Icon: {fileID: 0}
  m_NavMeshLayer: 0
  m_StaticEditorFlags: 0
  m_IsActive: 1
--- !u!4 &1897258928
Transform:
  m_ObjectHideFlags: 0
  m_PrefabParentObject: {fileID: 4081123485921886, guid: d045b9339ddbc9f4c9c0516d8d31c6d1,
    type: 2}
  m_PrefabInternal: {fileID: 236960884}
  m_GameObject: {fileID: 1897258927}
  m_LocalRotation: {x: -0, y: -0, z: -0, w: 1}
  m_LocalPosition: {x: 0, y: 0, z: 0}
  m_LocalScale: {x: 1, y: 1, z: 1}
  m_Children: []
  m_Father: {fileID: 135196840}
  m_RootOrder: 1
  m_LocalEulerAnglesHint: {x: 0, y: 0, z: 0}
--- !u!137 &1897258929
SkinnedMeshRenderer:
  m_ObjectHideFlags: 0
  m_PrefabParentObject: {fileID: 137148947386347580, guid: d045b9339ddbc9f4c9c0516d8d31c6d1,
    type: 2}
  m_PrefabInternal: {fileID: 236960884}
  m_GameObject: {fileID: 1897258927}
  m_Enabled: 1
  m_CastShadows: 1
  m_ReceiveShadows: 1
  m_MotionVectors: 1
  m_LightProbeUsage: 1
  m_ReflectionProbeUsage: 1
  m_Materials:
  - {fileID: 21299246981692212, guid: 24637a71538837d4ea9e0bd9a1f2eb2e, type: 2}
  m_StaticBatchInfo:
    firstSubMesh: 0
    subMeshCount: 0
  m_StaticBatchRoot: {fileID: 0}
  m_ProbeAnchor: {fileID: 0}
  m_LightProbeVolumeOverride: {fileID: 0}
  m_ScaleInLightmap: 1
  m_PreserveUVs: 0
  m_IgnoreNormalsForChartDetection: 0
  m_ImportantGI: 0
  m_SelectedEditorRenderState: 3
  m_MinimumChartSize: 4
  m_AutoUVMaxDistance: 0.5
  m_AutoUVMaxAngle: 89
  m_LightmapParameters: {fileID: 0}
  m_SortingLayerID: 0
  m_SortingLayer: 0
  m_SortingOrder: 0
  serializedVersion: 2
  m_Quality: 0
  m_UpdateWhenOffscreen: 0
  m_SkinnedMotionVectors: 1
  m_Mesh: {fileID: 0}
  m_Bones:
  - {fileID: 868511676}
  m_BlendShapeWeights: []
  m_RootBone: {fileID: 868511676}
  m_AABB:
    m_Center: {x: 1.0308008, y: -0.010768414, z: 0}
    m_Extent: {x: 2.097911, y: 2.7558806, z: 0}
  m_DirtyAABB: 0
--- !u!114 &1897258930
MonoBehaviour:
  m_ObjectHideFlags: 0
  m_PrefabParentObject: {fileID: 114472694887879898, guid: d045b9339ddbc9f4c9c0516d8d31c6d1,
    type: 2}
  m_PrefabInternal: {fileID: 236960884}
  m_GameObject: {fileID: 1897258927}
  m_Enabled: 1
  m_EditorHideFlags: 0
  m_Script: {fileID: 11500000, guid: 5ec17ceaa560940e9bf0dbeafc3a1971, type: 3}
  m_Name: 
  m_EditorClassIdentifier: 
  m_SpriteMesh: {fileID: 11400000, guid: 24637a71538837d4ea9e0bd9a1f2eb2e, type: 2}
  m_Color: {r: 1, g: 1, b: 1, a: 1}
  m_Materials:
  - {fileID: 10754, guid: 0000000000000000f000000000000000, type: 0}
  m_SortingLayerID: 0
  m_SortingOrder: 0
  m_Bones: []
  m_BoneTransforms:
  - {fileID: 868511676}
--- !u!1 &1901005050
GameObject:
  m_ObjectHideFlags: 0
  m_PrefabParentObject: {fileID: 1830653434277136, guid: d045b9339ddbc9f4c9c0516d8d31c6d1,
    type: 2}
  m_PrefabInternal: {fileID: 236960884}
  serializedVersion: 5
  m_Component:
  - component: {fileID: 1901005051}
  - component: {fileID: 1901005052}
  m_Layer: 0
  m_Name: Head
  m_TagString: Untagged
  m_Icon: {fileID: 0}
  m_NavMeshLayer: 0
  m_StaticEditorFlags: 0
  m_IsActive: 1
--- !u!4 &1901005051
Transform:
  m_ObjectHideFlags: 0
  m_PrefabParentObject: {fileID: 4593991410959190, guid: d045b9339ddbc9f4c9c0516d8d31c6d1,
    type: 2}
  m_PrefabInternal: {fileID: 236960884}
  m_GameObject: {fileID: 1901005050}
  m_LocalRotation: {x: 0, y: 0, z: 0.00000028826918, w: 1}
  m_LocalPosition: {x: 2, y: 0, z: 0}
  m_LocalScale: {x: 1, y: 1, z: 1}
  m_Children: []
  m_Father: {fileID: 868511676}
  m_RootOrder: 0
  m_LocalEulerAnglesHint: {x: 0, y: 0, z: -66.868004}
--- !u!114 &1901005052
MonoBehaviour:
  m_ObjectHideFlags: 0
  m_PrefabParentObject: {fileID: 114641636347987518, guid: d045b9339ddbc9f4c9c0516d8d31c6d1,
    type: 2}
  m_PrefabInternal: {fileID: 236960884}
  m_GameObject: {fileID: 1901005050}
  m_Enabled: 1
  m_EditorHideFlags: 0
  m_Script: {fileID: 11500000, guid: 03b157d7625014c58bfbad3513f40289, type: 3}
  m_Name: 
  m_EditorClassIdentifier: 
  m_Color: {r: 1, g: 1, b: 1, a: 1}
  m_Length: 2.56
  m_Child: {fileID: 0}
  m_ChildTransform: {fileID: 0}
  m_AttachedIK: {fileID: 0}
--- !u!1 &2045951838
GameObject:
  m_ObjectHideFlags: 0
  m_PrefabParentObject: {fileID: 1353007012878134, guid: d045b9339ddbc9f4c9c0516d8d31c6d1,
    type: 2}
  m_PrefabInternal: {fileID: 236960884}
  serializedVersion: 5
  m_Component:
  - component: {fileID: 2045951839}
  - component: {fileID: 2045951840}
  m_Layer: 0
  m_Name: bottom
  m_TagString: Untagged
  m_Icon: {fileID: 0}
  m_NavMeshLayer: 0
  m_StaticEditorFlags: 0
  m_IsActive: 1
--- !u!4 &2045951839
Transform:
  m_ObjectHideFlags: 0
  m_PrefabParentObject: {fileID: 4675406534799590, guid: d045b9339ddbc9f4c9c0516d8d31c6d1,
    type: 2}
  m_PrefabInternal: {fileID: 236960884}
  m_GameObject: {fileID: 2045951838}
  m_LocalRotation: {x: 0, y: 0, z: 0.7071068, w: 0.7071068}
  m_LocalPosition: {x: 0, y: -3.396222, z: 0}
  m_LocalScale: {x: 1, y: 1, z: 1}
  m_Children:
  - {fileID: 1894998371}
  - {fileID: 463637289}
  - {fileID: 868511676}
  m_Father: {fileID: 1776008813}
  m_RootOrder: 0
  m_LocalEulerAnglesHint: {x: 0, y: 0, z: 50.865}
--- !u!114 &2045951840
MonoBehaviour:
  m_ObjectHideFlags: 0
  m_PrefabParentObject: {fileID: 114397288305601400, guid: d045b9339ddbc9f4c9c0516d8d31c6d1,
    type: 2}
  m_PrefabInternal: {fileID: 236960884}
  m_GameObject: {fileID: 2045951838}
  m_Enabled: 1
  m_EditorHideFlags: 0
  m_Script: {fileID: 11500000, guid: 03b157d7625014c58bfbad3513f40289, type: 3}
  m_Name: 
  m_EditorClassIdentifier: 
  m_Color: {r: 1, g: 1, b: 1, a: 1}
  m_Length: 2.260001
  m_Child: {fileID: 0}
  m_ChildTransform: {fileID: 0}
  m_AttachedIK: {fileID: 0}
